3009 3773
1518 182 1575 228 16

453 320 544 349 rem
578 306 808 364 inquisivit
829 304 907 349 sed
930 305 1125 349 contenti
1157 320 1271 349 nova
1303 306 1520 364 scriptura
1553 312 1768 349 vetustam
1790 306 2075 363 interpretum
2090 319 2271 357 crucem
2294 304 2512 350 sublatam
2534 319 2629 363 pro·

454 392 670 441 pagarunt
707 385 848 427 securi
888 383 1006 442 quod
1044 385 1289 442 speciosum
1329 399 1425 428 esse
1464 399 1592 428 nemo
1630 399 1789 440 negare
1827 391 2010 440 poterat.
2075 383 2133 427 Et
2169 391 2315 428 tamen
2352 383 2630 442 perspicuum

454 478 550 506 esse
583 469 754 520 poterat
780 462 1031 506 Bonitzium
1063 478 1150 506 non
1184 462 1332 506 dedita
1363 478 1497 520 opera
1527 457 1871 520 significationes
1903 477 2015 521 quae
2048 470 2196 507 essent
2228 461 2351 506 verbi
2383 461 2629 506 addubitati

454 541 707 598 explorasse
742 540 820 584 sed
853 542 1014 585 bonam
1046 549 1214 599 partem
1248 541 1508 598 pependisse
1531 542 1586 585 ab
1614 541 1669 585 iis
1692 556 1804 598 quae
1825 541 1882 585 ab
1904 540 2004 585 aliis
2026 539 2159 585 allata
2180 539 2304 585 vidit.
2359 539 2465 585 Οῐον
2491 537 2631 591 εὐθὺς

453 618 567 676 apud
595 619 878 677 Apollonium
900 618 1120 663 Rhodium
1154 619 1247 663 eius
1282 619 1403 662 verbi
1437 635 1542 663 usus
1574 635 1663 663 non
1695 618 1783 663 illis
1814 618 1985 663 duobus
2014 619 2214 663 versibus
2246 618 2494 663 continetur
2518 634 2628 676 quos

451 697 563 741 forte
586 696 816 741 Bonitzius
850 698 905 740 ab
937 697 1036 741 aliis
1069 698 1225 741 citatos
1254 697 1469 752 adhibuit,
1504 697 1581 741 sed
1605 698 1746 755 patuit
1773 697 1904 740 latius
1934 711 2016 741 nec
2036 704 2153 741 recte
2176 696 2356 741 iudicari
2381 698 2521 756 potuit
2542 697 2629 740 nisi

453 775 657 819 omnibus
691 790 789 819 cum
811 790 914 819 cura
936 775 1190 834 perspectis,
1239 775 1394 834 Itaque
1417 789 1516 819 cum
1538 783 1639 820 ante
1662 775 1828 834 aliquot
1848 789 1987 819 annos
2005 775 2305 833 Argonautica
2325 774 2628 833 relegeremus,

452 870 539 898 non
574 855 656 898 hoc
690 854 887 910 consilio,
923 854 997 898 sed
1028 863 1173 898 tamen
1200 862 1246 898 ut
1268 870 1321 898 ne
1347 855 1459 898 hanc
1480 854 1656 913 quidem
1679 855 1979 913 quaestionem
2001 854 2335 912 negligeremus,
2368 854 2472 899 ilico
2499 855 2628 900 nobis

452 947 709 990 persuasum
743 940 810 976 est
830 932 986 975 falsam
1009 947 1106 976 esse
1129 932 1320 976 Bonitzii
1342 932 1604 976 sententiam
1627 940 1671 976 et
1694 932 1961 990 postliminio
1983 932 2298 977 restituendum
2322 948 2418 977 esse
2448 933 2627 978 verbum

451 1011 693 1062 antiquitus
727 1009 935 1053 traditum
970 1010 1157 1054 Bonitzii
1196 1011 1446 1068 coniectura
1483 1018 1646 1053 temere
1686 1010 1739 1053 de
1778 1026 1856 1053 sua
1894 1009 1997 1053 sede
2038 1009 2268 1055 deiectum.
2331 1009 2626 1064 Quamobrem

451 1091 704 1132 reveniente
738 1089 1036 1146 prooemiandi
1069 1072 1333 1132 necessitate
1365 1104 1418 1131 ex
1453 1089 1535 1131 hac
1567 1089 1743 1146 quidem
1776 1097 1897 1146 parte
1930 1089 2160 1146 profligare
2182 1089 2222 1132 si
2253 1104 2482 1146 possumus
2515 1089 2629 1133 hanc

452 1169 752 1224 quaestionem
786 1168 978 1210 animum
1012 1167 1280 1221 induximus,
1316 1182 1413 1210 cum
1447 1168 1704 1224 praesertim
1729 1168 1811 1210 hoc
1842 1182 2013 1225 quoque
2045 1168 2090 1210 in
2114 1183 2165 1210 ea
2186 1183 2232 1210 re
2264 1167 2466 1224 persequi
2498 1167 2629 1210 liceat

451 1246 565 1304 quod
599 1246 891 1302 instituimus,
929 1254 974 1289 ut
1009 1246 1134 1289 buius
1169 1245 1287 1289 modi
1320 1261 1474 1290 causas
1509 1246 1791 1304 probaremus
1825 1261 1910 1289 non
1943 1245 2245 1289 ratiocinando
2277 1255 2353 1289 aut
2384 1246 2625 1304 argutando

452 1326 526 1369 sed
562 1326 825 1369 testimoniis
859 1325 936 1369 sed
969 1325 1182 1384 exemplis
1215 1326 1286 1383 agi
1319 1333 1532 1384 oportere.

668 1405 822 1461 Itaque
854 1405 1118 1461 Apollonius
1153 1421 1251 1447 cum
1284 1405 1438 1446 scribit
1468 1405 1511 1446 in
1548 1404 1739 1446 secundo
1772 1404 1862 1447 869

1034 1484 1240 1539 Αἰακίδη,
1273 1486 1365 1533 πῶς
1397 1484 1532 1526 καλὸν
1564 1480 1952 1540 ἀφειδήσαντας
1984 1481 2194 1527 ἀέθλων

1031 1566 1133 1619 γαίῃ
1165 1563 1212 1605 ἐν
1245 1559 1476 1623 ἀλλοδαπῇ
1507 1561 1587 1618 δὴν
1618 1561 1800 1618 ἔμμεναι

449 1656 538 1683 non
562 1639 795 1683 dicit‘non
818 1647 1046 1697 parcentes
1069 1639 1328 1695 laboribus'3
1353 1640 1644 1698 requireretur
1666 1640 1781 1683 enim
1805 1640 2068 1684 contrarium
2091 1639 2346 1698 ‘parcentes
2368 1639 2626 1685 laboribus)

448 1718 603 1777 Itaque
642 1719 707 1762 sic
746 1718 1033 1776 intelligimus
1065 1716 1162 1776 ‘qui
1203 1717 1328 1762 decet
1364 1718 1640 1762 immemores
1673 1717 1872 1762 laborum
1911 1719 1954 1761 in
1994 1718 2141 1762 aliena
2172 1728 2287 1762 terra
2318 1718 2393 1762 diu
2426 1715 2625 1763 sedere‘?²

450 1796 818 1854 quemadmodum
837 1798 986 1840 statim
1006 1796 1141 1839 v.877
1162 1797 1205 1839 in
1225 1797 1486 1839 contrariam
1505 1802 1672 1853 partem
1691 1793 1913 1852 ὀρόθυνον
1929 1796 2072 1854 inquit
2087 1796 2413 1854 ἐπιμνήσασθαι
2429 1795 2623 1841 ἀέθλων.

667 1875 768 1918 Non
801 1890 926 1919 secus
960 1875 1001 1932 4,
1038 1875 1154 1919 1252

1032 1954 1166 2004 ἄλλος
1198 1955 1236 1997 δ’
1258 1952 1350 1997 αὖτ’
1372 1955 1507 1998 ἄλλον
1539 1958 1779 2011 τετιημένος
1809 1955 2039 2009 ἐξερέεινεν

1032 2038 1094 2085 τίς
1125 2033 1253 2089 χθών
1284 2033 1451 2088 εὔχεται
1484 2034 1579 2090 ἢδε;
1613 2032 1729 2078 πόθι
1760 2036 1982 2087 ξυνέωσαν
2014 2033 2167 2079 ἄελλαι

1032 2112 1186 2171 ἡμέαςς
1219 2115 1316 2157 αἵθ’
1339 2114 1515 2171 ἔτλημεν
1547 2111 1787 2171 ἀφειδέες
1818 2110 2127 2170 οὐλομένοιο

1030 2193 1297 2247 δείματος,
1331 2190 1444 2236 αὐτὰ
1475 2194 1666 2237 κέλευθα
1699 2193 1933 2249 διαμπερὲς
1964 2191 2213 2249 ὁρμηθῆναι
2246 2192 2471 2248 Πετράων,

448 2287 558 2329 quos
593 2267 807 2328 ἄφειδέας
835 2271 1035 2327 δείματος
1067 2270 1175 2314 dicit
1199 2270 1452 2329 ‘parcentes
1476 2267 1643 2314 timori'
1680 2271 1822 2329 potius
1845 2270 2052 2328 intelligit
2073 2286 2203 2328 quam
2229 2269 2396 2315 ‘timori
2420 2286 2506 2315 non
2526 2286 2621 2329 par·

448 2347 632 2404 centes'3
684 2349 822 2392 voluit
865 2350 981 2392 enim
1026 2348 1135 2392 nihil
1176 2349 1409 2407 impeditos
1448 2350 1598 2392 timore
1636 2349 1884 2407 pervasisse
1924 2364 2000 2407 per
2040 2349 2205 2392 medias
2244 2349 2338 2393 vias
2386 2356 2620 2407 petrarum.

447 2429 601 2486 Neque
635 2426 814 2484 ἀκηδέες
847 2443 1055 2484 reponere
1089 2427 1302 2483 suadebit,
1337 2427 1452 2485 quod
1487 2428 1526 2482 3,
1553 2428 1639 2472 597
1674 2427 1832 2484 legitur

1610 2503 1730 2560 ὄφρά
1761 2504 1781 2547 ἑ
1814 2506 1933 2560 τιμῆς

1027 2586 1099 2625 καὶ
1132 2582 1354 2639 σκήπτρων
1385 2582 1588 2627 ἐλάσειαν
1620 2580 1813 2639 ἀκηδέες,

449 2663 520 2704 ubi
554 2661 792 2704 scholiasta
824 2660 1003 2717 οἷκηδέες
1034 2662 1342 2717 interpretatur
1374 2658 1652 2719 ἆφρόντιστοι
1685 2661 1803 2711 ὄντες
1835 2657 1982 2716 αὐτοῦ,
2016 2661 2188 2703 etiamsi
2218 2658 2393 2718 ἆκηδέες
2420 2662 2620 2717 δείματος

445 2749 535 2783 tam
563 2748 680 2782 recte
703 2741 789 2782 dici
812 2740 1004 2794 potuerit
1025 2755 1155 2796 quam
1178 2740 1377 2794 δείματος
1399 2737 1616 2794 ἀφειδέες,
1651 2741 1736 2783 nisi
1759 2740 1833 2797 qui
1857 2740 2040 2782 alterum
2070 2754 2226 2782 nomen
2251 2755 2349 2782 cum
2379 2741 2510 2783 verbo
2540 2756 2619 2784 suo

446 2819 653 2862 radicitus
688 2835 742 2862 ex
765 2818 1004 2876 Apollonio
1037 2819 1278 2875 exstirpare
1310 2820 1505 2862 animum
1537 2819 1772 2862 induxerit.
1815 2819 1908 2862 Nos
1937 2818 2005 2861 his
2028 2817 2198 2862 duobus
2219 2818 2328 2863 locis
2350 2820 2495 2877 potius
2523 2836 2619 2877 pro-

446 2900 592 2941 batum
624 2898 927 2955 intelligimus,
961 2898 1197 2954 φείδεσθαι
1230 2906 1272 2940 et
1305 2895 1503 2953 ἀφειδεῖν
1534 2913 1622 2940 non
1655 2898 1769 2940 inter
1800 2912 1847 2940 se
1877 2896 2136 2954 simpliciter
2163 2897 2384 2955 oppositas
2418 2899 2618 2942 notiones

445 2977 623 3032 habere,
658 2977 783 3033 quasi
816 2992 994 3034 parcere
1028 2985 1071 3019 et
1103 2992 1189 3019 non
1212 2991 1401 3033 parcere,
1437 2976 1511 3020 sed
1547 2974 1745 3033 ἀφειδεῖν
1773 2992 1799 3019 a
1820 2976 2042 3033 primitiva
2066 2976 2107 3019 vi
2128 2975 2366 3034 profectum
2400 2992 2481 3021 usu
2511 2977 2617 3021 dila-

444 3064 580 3099 tatum
621 3071 717 3099 esse
758 3064 804 3099 ut
839 3072 926 3099 non
965 3071 1138 3109 curare,
1178 3056 1410 3112 neqliyew,
1450 3071 1644 3098 securum
1681 3070 1767 3098 esee
1810 3054 1994 3098 alicuius
2030 3056 2096 3098 rei
2131 3055 2398 3110 significaret
2435 3072 2617 3114 eamque

443 3136 666 3195 notionem
687 3135 848 3192 quippe
869 3134 1002 3177 latius
1024 3140 1248 3191 patentem
1281 3135 1413 3176 etiam
1437 3134 1574 3176 cuivis
1597 3134 1744 3188 generi
1767 3133 1993 3176 nominum
2025 3134 2219 3191 potuisse
2251 3135 2403 3191 aptari.
2446 3132 2617 3188 Quodsi

442 3222 558 3257 recte
581 3215 826 3268 statuimus,
851 3214 939 3256 iam
963 3213 1045 3255 hoc
1068 3213 1242 3255 vincere
1267 3212 1476 3268 videmur,
1501 3210 1746 3270 Sophoclea
1768 3213 1903 3268 verba
1923 3213 2131 3256 librorum
2154 3212 2241 3256 fide
2263 3213 2423 3256 tradita
2443 3215 2483 3256 εἰ
2502 3214 2617 3258 τοῦδ’

441 3290 672 3349 ἀφειδήσοι
694 3290 832 3336 πόνου
853 3292 1015 3335 iniuria
1037 3291 1243 3334 damnata
1264 3306 1373 3346 esse,
1398 3305 1509 3348 quae
1533 3289 1711 3334 concedi
1734 3297 1905 3348 oportet
1925 3301 2015 3334 tam
2036 3297 2153 3334 recte
2171 3289 2258 3334 dici
2276 3291 2468 3348 potuisse
2486 3306 2616 3350 quam

443 3372 497 3412 ab
530 3370 769 3427 Apollonio
803 3368 1128 3426 ἀφειδήσαντας
1160 3366 1342 3413 ἀέθλων
1373 3368 1644 3426 eandemque
1679 3368 1766 3411 vim
1798 3369 1920 3412 verbi
1953 3369 2183 3427 utrobique
2215 3370 2408 3426 agnosci.
