3009 3773
1571 166 1632 209 20

511 285 764 328 sentiamus.
813 283 985 339 Quodsi
1006 285 1112 328 licet
1132 284 1304 329 Graeca
1326 300 1430 328 voce
1452 285 1702 343 significare
1729 284 1847 343 quod
1874 284 1921 328 in
1947 283 2025 328 illo
2045 283 2278 346 participio
2299 291 2504 344 putamus
2523 286 2683 343 inesse,

509 365 553 407 in
583 371 787 421 promptu
820 371 888 408 est
919 361 1182 422 ἀπηλεγέως,
1215 380 1299 423 quo
1320 364 1559 408 Homerica
1590 364 1785 408 carmina
1817 370 1996 408 utuntur
2026 371 2072 407 et
2090 362 2357 422 Apollonius
2387 363 2497 423 ipse,
2532 365 2572 421 1,
2593 364 2686 410 439

1091 445 1211 499 αἶψα
1243 443 1282 485 δ’
1304 440 1552 499 ἀπηλεγέως
1582 441 1687 486 νόον
1717 443 1881 500 ἔκφατο
1912 442 2134 499 Λητοΐδαο
2501 439 2504 442 ’

510 526 553 562 et
583 520 625 575 2,
650 519 741 563 845
1612 522 1652 563 εἰ
1681 520 1732 563 δέ
1760 536 1816 576 με
1845 522 1921 563 καὶ
1951 518 1999 563 τό

1089 600 1215 654 χρειω
1248 596 1498 655 ἀπηλεγέως
1530 602 1746 643 Μουσέων
1777 597 1863 643 ὕπο
1893 596 2188 656 γηρύσασθαι.

728 677 828 720 Non
855 677 983 720 aliter
1013 677 1090 720 illo
1112 677 1341 735 participio
1375 692 1479 720 usus
1502 677 1677 721 videtur
1696 676 1931 735 Euripides
1962 677 2009 720 in
2040 677 2183 720 nuntii
2204 677 2456 720 narratione
2477 691 2589 734 quae
2616 683 2685 720 est

508 756 554 799 in
586 754 819 813 Iphigenia
850 755 1039 799 Taurica
1070 771 1110 799 v.
1139 756 1255 800 1354

1088 832 1206 891 ἡμεῖς
1240 835 1279 876 δ’
1312 831 1708 891 ἀφειδήσαντες,
1740 833 1801 885 ὦς
1831 833 2053 891 ἐσείδομεν

1089 911 1217 955 δόλια
1248 912 1491 968 τεχνήματ’,
1523 911 1764 968 εἰχόμεσθα
1797 914 1867 969 τῆς
1897 915 2022 969 ξένης

1087 994 1366 1047 πρυμνησίων
1397 1007 1453 1033 τε.

723 1068 824 1112 Non
858 1068 1161 1126 progredimur
1192 1069 1318 1124 ultra,
1353 1083 1495 1126 neque
1516 1069 1723 1112 Nonnum
1755 1075 1831 1112 aut
1851 1068 2080 1112 Musaeum
2111 1068 2381 1124 asciscimus,
2415 1081 2681 1126 quamquam

506 1160 594 1189 non
627 1146 893 1202 dubitamus,
928 1146 1043 1204 apud
1077 1161 1152 1189 eos
1185 1146 1372 1190 eundem
1404 1146 1534 1190 huius
1567 1147 1689 1191 verbi
1724 1161 1850 1191 usum
1882 1153 2099 1205 repertum
2127 1146 2182 1190 iri
2211 1161 2341 1204 quem
2373 1145 2417 1189 in
2441 1144 2681 1204 Apollonio

505 1225 868 1268 monstravimus:
902 1226 948 1268 in
977 1224 1060 1268 hoc
1082 1232 1228 1268 autem
1248 1226 1397 1268 omnia
1417 1225 1602 1268 redeunt
1622 1240 1689 1279 eo,
1714 1232 1761 1268 ut
1782 1223 2035 1283 ἀφειδῆσαι,
2057 1222 2371 1282 ἀφειδήσαντες
2392 1218 2481 1267 non
2503 1224 2562 1268 sit
2574 1221 2681 1268 ‘non

505 1300 703 1359 parcere'
746 1302 823 1345 sed
849 1301 959 1345 ‘non
998 1301 1168 1346 curare‘
1204 1304 1298 1346 sive
1322 1302 1545 1346 ‘securum
1580 1300 1712 1358 esse’,
1754 1303 1837 1346 hoc
1874 1310 1942 1346 est
1979 1318 2079 1346 eum
2115 1318 2293 1358 sensum
2332 1301 2510 1358 habeat,
2550 1317 2681 1360 quem

505 1378 777 1439 Sophocleus
810 1396 963 1424 versus
994 1381 1247 1438 requirebat
1279 1382 1401 1424 cuius
1435 1381 1543 1424 haec
1572 1396 1704 1425 causa
1736 1380 1957 1439 disputata
1988 1387 2101 1424 sunt.
2152 1378 2361 1439 Sophocli
2396 1395 2496 1423 vero
2527 1395 2583 1424 ne
2604 1378 2680 1423 du-

504 1459 694 1503 bitemus
727 1459 841 1503 hanc
872 1460 1183 1517 proprietatem
1218 1461 1336 1504 verbi
1371 1461 1591 1504 ascribere
1623 1460 1731 1504 satis
1761 1459 1948 1504 fiduciae
1979 1459 2106 1504 affert
2125 1459 2402 1518 Apollonius,
2435 1460 2510 1518 qui
2537 1465 2606 1503 est
2625 1474 2680 1502 ex

503 1538 559 1581 iis
597 1539 738 1595 poetis
777 1539 850 1596 qui
883 1555 982 1582 raro
1016 1553 1132 1582 nova
1163 1539 1258 1582 sine
1291 1539 1492 1596 exemplo
1530 1538 1753 1596 proferunt
1785 1538 1864 1582 sed
1897 1554 2009 1596 quae
2044 1538 2210 1582 habent
2241 1538 2485 1597 superiores
2517 1553 2570 1582 ea
2601 1553 2679 1582 suo

504 1633 586 1660 usu
617 1633 830 1660 renovare
863 1625 907 1659 et
937 1617 1213 1674 frequentare
1241 1618 1396 1661 solent.
1443 1616 1532 1660 Sed
1553 1633 1638 1676 quo
1661 1618 1950 1662 confidentius
1973 1619 2017 1661 in
2042 1619 2293 1675 Antigonae
2314 1633 2441 1661 versu
2464 1626 2679 1662 vetustam

503 1696 766 1751 scripturam

1230 1777 1271 1816 εἴ
1299 1791 1361 1823 τις
1392 1774 1508 1817 τοῦδ’
1529 1771 1760 1830 ἀφειδήσοι
1791 1773 1928 1817 πόνου

500 1850 847 1906 instaurandam,
877 1851 1099 1895 noviciam
1126 1848 1330 1909 ἀκηδήσοι
1362 1851 1677 1910 repudiandam
1709 1851 1909 1907 dicimus,
1945 1867 1995 1895 eo
2027 1851 2172 1896 miuus
2204 1852 2429 1910 probaturi
2457 1866 2607 1896 sumus
2630 1852 2675 1895 in

499 1928 679 1972 Electra
710 1929 800 1973 980

1085 2008 1119 2051 ὤ
1152 2017 1286 2052 τοῖσιν
1317 2010 1495 2064 ἐχθροῖς
1526 2006 1575 2052 εὖ
1605 2007 1832 2066 βεβηκόσιν
1863 2009 1966 2053 ποτὲ

1085 2088 1225 2142 ψυχῆς
1256 2084 1548 2145 ἀφειδήσαντε
1579 2085 1845 2145 προυστήτην
1877 2085 2018 2145 φόνου

499 2161 770 2221 ἀκηδήσαντε
809 2165 962 2222 reponi
1000 2180 1078 2223 pro
1111 2163 1423 2223 ἀφειδήσαντε,
1463 2165 1580 2224 quod
1611 2166 1798 2224 probum
1831 2174 1898 2210 est
1929 2172 1973 2210 et
2004 2165 2273 2225 primitivam
2305 2165 2674 2223 significationem

498 2242 645 2292 habet,
677 2245 790 2287 vitae
819 2258 908 2287 non
934 2252 1172 2302 parcentes,
1207 2259 1293 2302 quo
1327 2244 1456 2288 modo
1489 2259 1619 2303 saepe
1648 2253 1737 2289 tam
1760 2242 1920 2289 Graeci
1941 2241 2186 2303 (ἀφειδοτεν
2206 2244 2264 2288 ἂν
2284 2245 2360 2289 τοῦ
2380 2247 2478 2301 βίον
2500 2242 2676 2302 Thucy-

499 2321 624 2365 dides
648 2322 688 2377 2,
712 2323 785 2375 43,
808 2323 868 2379 μὴ
891 2321 1145 2379 φειδόμενοι
1166 2325 1242 2373 τᾶς
1265 2324 1374 2375 ζωᾶς
1398 2323 1614 2381 Tyrtaeus
1637 2323 1751 2382 apud
1774 2323 1967 2368 Dionem
1989 2322 2355 2382 Chrysostomum
2376 2324 2417 2379 2,
2442 2320 2520 2379 59)
2543 2338 2674 2382 quam

500 2399 688 2444 Romani
720 2399 815 2458 (eqo
847 2417 964 2445 meae
995 2418 1090 2445 cum
1120 2403 1234 2446 vitae
1262 2417 1445 2460 parcam
1477 2403 1604 2446 letum
1633 2404 1810 2447 inimico
1843 2404 2049 2462 deprecor
2069 2402 2254 2457 Ennius,
2281 2404 2458 2461 patriae
2485 2402 2675 2447 consule-

496 2488 593 2522 rent
623 2481 735 2523 vitae
765 2495 853 2523 non
878 2489 1111 2538 parcerent
1144 2478 1320 2535 Cicero)
1352 2481 1486 2524 locuti
1520 2488 1633 2525 sunt.

717 2612 811 2657 Scr.
835 2630 892 2658 m.
917 2614 1159 2672 Septembr.
1194 2631 1230 2658 a.
1256 2614 1641 2660 MDCCGXOIV.
