3009 3773
1447 185 1473 238 *1

379 331 510 376 quam
532 330 735 359 mancam
756 314 939 359 tradidit
959 313 1110 370 codex,
1135 322 1182 358 ut
1202 314 1488 373 suppleretur,
1507 314 1789 359 verisimilius
1810 330 1898 359 non
1920 329 2049 372 posse
2070 314 2258 358 inveniri
2275 329 2405 372 quam
2428 313 2545 372 quod

377 395 426 453 in
447 393 709 452 quibusdam
739 392 963 437 codicibus
991 392 1243 437 inchoatum
1272 399 1351 447 est,
1385 400 1434 436 ut
1455 392 1590 436 semel
1612 392 1822 450 scriptum
1844 393 1889 435 in
1910 392 2206 436 Laurentiano
2227 391 2390 449 μήποτε
2412 392 2544 448 gemi-

378 481 565 517 naretur.
613 469 740 526 Quae
772 471 946 530 quidem
970 471 1206 529 geminatio
1228 471 1356 515 huius
1388 477 1433 515 et
1463 471 1672 515 similium
1702 471 1970 515 locutionum
1998 486 2126 514 nemo
2148 472 2290 515 nescit
2320 485 2452 529 quam
2483 471 2545 514 fa·

379 550 563 595 miliaris
594 550 726 594 fuerit
757 550 917 608 poetis,
952 549 1083 605 velut,
1117 558 1165 593 ut
1195 564 1334 607 pauca
1366 548 1419 593 de
1451 549 1599 594 multis
1631 549 1874 605 afferamus,
1908 548 2071 607 μήποτε
2100 548 2263 606 μήποτε
2295 548 2543 606 Aeschylus

375 623 521 673 prom.
546 628 656 685 8923
688 627 852 686 μήποτε
881 628 1044 685 μήποτε
1075 626 1309 685 Euripides
1329 626 1494 672 Phoen.
1520 628 1625 682 1903
1659 625 1759 673 ἀλλ’
1790 627 1936 672 οὔποτ’
1967 627 2126 679 οὔποτ’,
2158 624 2209 671 οὗ
2239 625 2326 682 γάρ
2357 626 2545 680 εἰσάπαξ

378 708 462 762 ἐρῶ
493 705 709 750 Androm.
732 706 841 761 9433
874 704 972 749 τόδε
992 720 1056 749 τοι
1081 703 1242 762 θαῦμά
1260 702 1305 761 μ’
1327 704 1424 760 ἔχει,
1462 707 1553 756 πῶς
1575 721 1678 749 ποτε
1709 707 1802 756 πῶς
1834 707 1926 749 ποτ’
1960 703 2200 763 Sophocles
2222 704 2409 749 Philoct.
2432 705 2542 760 6863

378 785 472 835 πῶς
504 799 607 828 ποτε
639 785 731 834 πῶς
762 786 873 828 ποθ’
906 781 1015 827 Oed.
1045 782 1098 827 R.
1131 784 1268 838 121ος
1301 782 1360 840 μὴ
1393 783 1499 840 δῆτα
1529 784 1586 840 μὴ
1621 783 1713 839 δῆτ’
1745 783 1851 827 ibid.
1880 784 1982 828 830.
2035 783 2319 841 Eandemque
2351 784 2543 839 gemina-

377 863 540 905 tionem
564 862 663 919 quis
681 876 767 905 non
786 862 919 905 sentit
936 861 1063 904 huius
1086 860 1221 904 colori
1241 862 1482 904 sententiae
1500 861 1815 919 mulierumque
1836 862 1992 905 anxiae
2010 861 2327 919 exspectationi
2348 862 2543 919 apprime

377 939 621 997 appositam
648 939 797 983 fuisse.
847 937 936 982 Sed
963 954 1043 982 nos
1072 953 1158 982 non
1188 938 1271 982 hoc
1298 954 1415 982 nuuc
1437 939 1684 994 agebamus,
1716 946 1763 983 ut
1791 940 2036 984 universam
2060 939 2188 983 huius
2210 939 2449 1002 particulae
2469 955 2543 983 na·

376 1027 518 1062 turam
541 1016 875 1076 explanaremus
899 1015 1328 1075 argumentandoque
1360 1017 1618 1075 scripturam
1642 1017 2015 1073 confirmaremus3
2049 1032 2191 1076 neque
2213 1017 2340 1062 nobis
2373 1024 2544 1062 tantum

375 1111 627 1153 arrogamus
651 1103 698 1139 ut
720 1110 835 1139 nunc
867 1095 1022 1138 melius
1055 1109 1184 1153 quam
1213 1094 1315 1138 olim
1349 1095 1511 1139 nostris
1543 1095 1785 1139 rationibus
1818 1095 2090 1153 explicandis
2122 1110 2218 1139 eam
2247 1110 2358 1154 quae
2389 1102 2543 1153 regnat

375 1175 421 1218 in
454 1173 522 1218 his
554 1172 716 1218 fabulis
737 1172 978 1217 tractandis
1000 1171 1254 1230 opinionum
1277 1171 1432 1216 levitas
1464 1171 1521 1215 ad
1543 1171 1869 1230 simplicitatem
1891 1173 2210 1231 sanitatemque
2243 1173 2393 1216 iudicii
2421 1188 2542 1217 revo-

375 1252 464 1296 cari
499 1266 626 1310 posse
658 1251 980 1295 arbitraremur.
1029 1249 1180 1308 Longe
1212 1249 1422 1294 minutius
1455 1255 1524 1294 est
1555 1256 1599 1294 et
1629 1250 1767 1294 levius
1801 1265 1915 1294 nunc
1947 1251 2062 1309 quod
2086 1252 2375 1299 instituimus:
2411 1266 2541 1295 unam

377 1330 494 1374 euim
535 1344 684 1374 vocem
722 1326 908 1385 ἀψεγές,
940 1344 966 1371 a
997 1342 1084 1386 qua
1116 1326 1215 1384 ἡμῖν
1248 1327 1543 1386 separandum
1583 1343 1668 1372 non
1708 1336 1793 1384 est,
1834 1343 1965 1386 quam
2004 1336 2048 1372 et
2077 1329 2219 1387 ipsam
2256 1329 2431 1373 fuerunt
2467 1330 2542 1388 qui

377 1410 608 1469 splendida
631 1410 829 1454 doctrina
851 1409 975 1453 abusi
999 1408 1272 1453 emendando
1295 1407 1533 1466 depravare
1554 1408 1824 1463 festinarent,
1859 1408 2071 1466 exemplis
2095 1409 2294 1453 volumus
2316 1410 2541 1467 scriptoris

378 1491 505 1548 longe
533 1506 559 1533 a
579 1486 809 1548 Sophoclis
842 1494 983 1532 aetate
1016 1488 1167 1532 remoti
1192 1487 1412 1531 declarare
1435 1494 1479 1532 et
1510 1488 1546 1532 si
1570 1502 1678 1546 opus
1710 1487 1841 1532 fuerit
1873 1487 2082 1531 stabilire.
2131 1485 2231 1542 Quo
2265 1488 2380 1532 enim
2410 1504 2542 1533 sensu

378 1568 536 1612 chorus
560 1568 679 1611 canit
709 1571 834 1622 τέρας
866 1575 952 1617 τοϊς
975 1567 1107 1621 δρῶσι
1135 1569 1207 1613 καὶ
1229 1566 1466 1621 συνδρῶσιν
1493 1567 1842 1624 appropinquare
1875 1565 2039 1621 ἀψεγὲς
2071 1565 2172 1622 ἡμῖν
2204 1565 2265 1622 (h.
2289 1582 2326 1610 e.
2350 1568 2541 1611 canenti-

379 1649 459 1691 bus
498 1647 607 1705 ipsis
640 1647 779 1704 iisque
811 1646 969 1703 quibus
1002 1643 1191 1700 adsunt),
1232 1645 1381 1688 eodem
1417 1660 1547 1689 sensu
1575 1645 1816 1703 Dionysius
1848 1645 2255 1689 Halicarnassensis
2287 1661 2374 1689 non
2406 1647 2541 1690 semel

377 1741 473 1769 cum
508 1725 561 1768 de
594 1724 787 1768 vindicta
819 1724 968 1767 divina
1000 1724 1133 1767 verba
1162 1723 1325 1766 faceret
1356 1724 1524 1767 locutus
1557 1723 1741 1768 videtur.
1789 1721 1878 1777 Qui
1910 1724 1973 1768 ita
2004 1724 2157 1768 scribit

739 1805 828 1845 πᾶν
860 1800 1095 1859 ἁμάρτημα
1127 1804 1198 1858 τῆς
1219 1798 1452 1857 Ἀλβανῶν
1483 1801 1649 1851 πόλεως
1671 1799 1887 1858 ἀφιέντες,
1919 1805 1959 1845 εἷ
1983 1802 2036 1858 δὴ
2055 1805 2128 1844 καὶ
2149 1802 2274 1845 κοινὰ
2295 1803 2373 1859 χρὴ
2393 1805 2541 1847 καλεῖν

883 1879 1049 1929 πόλεως
1080 1879 1388 1935 ἁμαρτήματα,
1420 1875 1484 1923 οἷν
1515 1880 1539 1922 ὁ
1572 1880 1803 1936 στρατηγὸς
1835 1879 1958 1935 ὑμῶν
1993 1882 2188 1930 Κλοίλιος
2219 1885 2356 1930 αἴτιος
2388 1879 2455 1935 ἦν,
2494 1883 2541 1931 ὃς

881 1956 988 2012 ὑπὲρ
1034 1955 1296 2013 ἀμφοτέρων
1337 1957 1458 2014 ἡμῶν
1495 1954 1554 2001 οὗ
1588 1958 1821 2014 μεμπτὰς
1858 1962 2019 2001 τέτικε
2060 1959 2207 2008 δίκας
2244 1968 2348 2008 τοῖς
2393 1964 2541 2010 θεοῖς

882 2037 922 2090 3,
945 2037 973 2079 9
1007 2050 1047 2093 p.
1070 2036 1172 2091 222,
1196 2037 1225 2079 9
1257 2035 1420 2078 Kiessl.

738 2113 893 2172 ταύτης
924 2115 973 2158 δὲ
1004 2116 1076 2171 τῆς
1108 2110 1295 2171 ἀπάτης,
1335 2115 1383 2158 ἐν
1414 2111 1439 2176 ᾗ
1469 2113 1517 2157 τὸ
1548 2115 1699 2158 πλεῖον
1730 2111 1920 2173 ἀνάγκης
1950 2119 2079 2171 μέρος
2111 2113 2185 2173 ἦν,
2223 2113 2281 2159 οὗ
2309 2115 2540 2172 μεμπτὰς

879 2197 1134 2236 τετικέναι
1155 2194 1300 2243 δίκας
1321 2192 1502 2250 ἑκάστην
1523 2192 1655 2237 πόλιν
1676 2194 1841 2247 ἔλεγον,
1861 2196 1934 2251 ’τῆς
1954 2199 2172 2252 κρατίστης
2196 2194 2388 2251 νεότητος
2409 2193 2537 2238 ἀναι-

881 2275 1080 2328 ρεθείσης
1111 2272 1153 2328 6,
1180 2272 1235 2316 18
1267 2286 1309 2329 p.
1333 2271 1435 2327 233,
1459 2272 1531 2316 20.

736 2350 879 2393 πολλὰ
911 2350 960 2392 δὲ
991 2352 1065 2391 καὶ
1096 2348 1445 2405 ἅλλα.Κυμαίοις
1476 2350 1705 2405 ἐνυβρίσας
1735 2351 1809 2392 καὶ
1841 2349 2145 2406 λωβησάμενος
2176 2352 2250 2393 καὶ
2281 2350 2376 2394 οὔτε
2407 2349 2536 2395 ἀσελ-

879 2431 998 2479 γείας
1033 2426 1129 2470 οὔτε
1166 2424 1380 2483 ὠμότητος
1411 2425 1616 2482 οὐδεμιᾶς
1647 2425 1966 2482 ἀποσχόμενος,
2005 2428 2072 2471 ὅτε
2103 2426 2314 2484 ἀσφαλῶς
2344 2433 2536 2483 κατέχειν

880 2502 1161 2560 ὑπελάμβανε
1182 2502 1256 2560 τὴν
1277 2503 1513 2560 τυραννίδα
1539 2502 1716 2561 γηραιὸς
1739 2504 1800 2548 ὧν
1821 2503 1915 2561 ἤδη,
1948 2504 2095 2555 δίκας
2127 2504 2291 2549 ἔτισεν
2321 2501 2380 2550 οὗ
2407 2523 2535 2562 μεμ-

879 2581 1006 2632 πτάς
1028 2585 1176 2632 θεοῖς
1197 2598 1246 2625 τε
1266 2585 1350 2625 καὶ
1372 2580 1676 2637 ἀνθρώποις
1696 2581 1920 2638 πρόρριζος
1941 2579 2213 2637 ἀπολόμενος
2236 2584 2275 2639 7,
2291 2583 2318 2626 9
2333 2584 2532 2640 p.13‚10.

735 2658 948 2715 τοιγάρτοι
988 2659 1100 2716 δίκη
1130 2660 1211 2715 μὲν
1242 2659 1417 2710 ἐκείνοις
1448 2660 1526 2704 σὺν
1555 2658 1698 2716 χρόνῳ
1730 2659 1948 2716 τιμωρὸς
1979 2657 2036 2704 οὗ
2066 2660 2267 2716 μεμπτὴ
2305 2677 2533 2718 παρηκο-

878 2735 1102 2793 λούθησε
1123 2734 1179 2780 δι’
1202 2736 1253 2793 ἣν
1273 2737 1320 2781 ἐκ
1339 2741 1539 2792 μεγίστου
1565 2741 1669 2788 τέως
1696 2734 1941 2795 αὐχήματος
1961 2740 2021 2788 εἷς
2044 2737 2352 2783 ταπεινότατον
2377 2741 2533 2796 πτῶμα

878 2814 1158 2873 κατήχθησαν
1190 2817 1231 2871 8,
1255 2815 1315 2861 80
1345 2831 1386 2874 p.
1411 2816 1510 2872 206,
1537 2817 1577 2861 3.

734 2894 835 2951 ὑμῖν
857 2895 904 2939 δὲ
927 2903 1014 2945 τοῒς
1045 2894 1399 2948 ernau-ammom
1429 2897 1502 2938 καὶ
1534 2894 1787 2949 προδιδοῦσι
1808 2893 1855 2938 τὸ
1875 2893 2021 2939 κοινὸν
2052 2893 2145 2952 ἥξει
2176 2895 2285 2953 δίκη
2318 2895 2534 2953 τιμωρὸς

877 2970 935 3018 οὗ
964 2972 1163 3030 μεμπτὴ
1201 2972 1322 3029 παρὰ
1359 2975 1500 3029 θεῶν,
1540 2973 1621 3016 ἐὰν
1651 2973 1740 3029 ἄρα
1777 2972 2014 3030 διαφύγητε
2046 2974 2120 3029 τὴν
2152 2976 2255 3030 παρ’
2278 2972 2534 3030 ἀνθρώπων

877 3052 1055 3096 κόλασιν
1090 3053 1157 3106 ιο,
1181 3052 1240 3095 28
1272 3067 1312 3109 p.
1336 3052 1407 3106 44,
1433 3052 1503 3095 22.
1553 3049 1620 3095 cf.
1645 3051 1851 3109 Excerpt.
1886 3040 2040 3109 p.'234
2062 3068 2103 3095 n.

589 3133 631 3175 4.
681 3130 906 3188 Pergimus
940 3130 1141 3188 colligere
1165 3130 1384 3174 minutias.
1431 3130 1482 3173 ln
1506 3130 1723 3187 colloquio
1755 3129 1869 3187 quod
1892 3128 2076 3173 habetur
2108 3130 2221 3173 inter
2241 3130 2462 3174 Electram
2490 3140 2533 3174 et

373 3211 575 3254 mulieres
608 3209 898 3267 Mycenenses
931 3224 1042 3267 quae
1074 3208 1253 3252 chorum
1285 3209 1565 3263 constituunt,
1599 3223 1697 3251 cum
1730 3208 1784 3251 de
1817 3206 1973 3252 Oreste
2006 3209 2149 3265 agitur
2181 3214 2225 3251 et
2255 3209 2359 3266 quid
2392 3210 2447 3253 ab
2481 3226 2532 3253 eo

372 3288 711 3346 exspectandum
748 3289 816 3343 sit,
852 3287 983 3331 choro
1015 3286 1264 3331 adhortanti
1294 3284 1353 3342 (v.
1378 3284 1485 3342 322)

948 3365 1124 3422 θάρσει·
1173 3368 1364 3423 πέφυκεν
1395 3364 1571 3415 ἐσθλός,
1604 3364 1699 3407 ὥστ’
1722 3362 1869 3418 ἀρκεῖν
1900 3366 2044 3422 φίλοις
