3009 3773
1411 178 1466 223 17

572 295 659 342 Sed
708 298 878 342 accedit
913 299 1066 342 tertius
1105 299 1328 357 Apollonii
1367 299 1501 355 locus,
1540 300 1615 357 qui
1648 300 1820 357 Amyco
1859 315 1959 355 rege
1991 299 2236 357 Bebrycum
2277 315 2303 342 a
2339 298 2518 341 Polluce

355 377 499 421 occiso
528 377 590 421 ita
620 378 763 435 pergit
793 393 969 422 narrare
1001 378 1042 433 2,
1066 379 1124 422 98

933 453 986 501 οὗ
1016 456 1055 500 δ’
1078 456 1166 514 ἄρα
1198 459 1414 514 Βέβρυκες
1445 456 1600 513 ἄνδρες
1632 455 1875 516 ἀφείδησαν
1904 459 2124 515 βασιλῆος,

933 532 1029 581 ἀλλ’
1051 533 1208 592 ἄμυδις
1237 533 1424 592 κορύνας
1455 532 1637 593 ἀζηχέας
1668 532 1743 593 ἦδὲ
1774 534 1998 589 σιγύννους
2048 534 2053 537 ’

674 674 677 676 -
933 613 1037 666 ἰθὺς
1067 611 1357 673 ἀνασχόμενοι
1389 613 1682 666 Πολυδεύκεος
1713 612 1992 660 ἀντιάασκον.

355 689 650 749 Intelligimus
687 707 777 735 non
814 707 989 736 securos
1025 692 1161 736 fuisse
1192 691 1416 749 Bebrycas
1448 692 1563 748 regis
1595 693 1729 736 occisi
1766 692 1842 736 sed
1875 693 2007 736 armis
2039 694 2180 750 captis
2219 693 2516 736 vindicaturos

357 776 573 812 mortuum
603 769 770 813 Polluci
804 770 978 813 obviam
1011 771 1159 823 ivisse,
1207 770 1572 828 agnoscimusque
1610 770 1790 813 eandem
1834 785 1963 827 quam
1996 778 2095 813 ante
2128 771 2250 813 verbi
2283 768 2517 826 ἀφειδῆσαι

356 848 736 906 significationem.
800 848 921 892 Nihil
955 849 1273 908 discrepantiae
1311 857 1379 893 est
1409 849 1455 892 in
1487 849 1624 904 libris,
1660 864 1800 908 neque
1838 850 2115 893 scholiastam
2157 857 2359 907 putamus
2397 850 2515 892 aliud

354 927 527 985 legisse,
561 928 634 986 qui
673 942 771 971 cum
804 928 1066 972 sententiam
1092 929 1156 971 ita
1181 928 1491 986 interpretatur
1518 925 1596 971 οὔκ
1623 926 1880 985 ἦμέλησαν
1907 930 1957 970 δέ
1983 942 2113 985 φησιν
2134 926 2233 971 οῦδὲ
2255 929 2515 986 κατεφρό-

355 1016 517 1062 νησαν
554 1008 629 1048 τοῦ
658 1003 852 1060 Ἀμύκου
883 1005 1160 1060 πιπτωκότος,
1193 1005 1351 1049 iisdem
1382 1004 1558 1062 quidem
1599 1006 1745 1048 verbis
1777 1005 1924 1060 utitur,
1966 1007 2124 1062 quibus
2155 1003 2354 1063 ἀφειδεῖν
2386 1007 2514 1049 inter-

355 1088 580 1139 pretantur
609 1083 895 1140 grammatici,
929 1083 974 1126 in
996 1082 1186 1126 Bekkeri
1208 1082 1450 1126 Anecdotis
1478 1098 1519 1140 p.
1542 1083 1630 1126 469
1664 1079 1925 1139 ἀφειδήσαςε
1957 1079 2232 1139 ἀμελήσας,
2266 1083 2516 1140 Hesychius

355 1157 614 1218 ἀφειδήσας·
646 1159 704 1217 μή
738 1159 998 1219 φεισάμενος
1028 1159 1432 1218 καταφρονήσας
1464 1161 1489 1217 ἢ
1521 1159 1721 1216 παριδών
1751 1157 2007 1217 (περιιδαίν).
2052 1160 2166 1205 Vide
2195 1161 2307 1219 apud
2331 1162 2515 1206 eundem

354 1236 640 1298 ἧφειδηκότες.
705 1239 854 1283 Nihilo
886 1240 1029 1283 minus
1068 1239 1180 1283 hanc
1211 1239 1468 1298 scripturam
1501 1239 1765 1283 abiecerunt.
1809 1237 1927 1292 Quia
1958 1240 2074 1283 enim
2107 1238 2439 1284 Choeroboscus
2471 1242 2515 1284 in

356 1318 592 1363 Theodosii
625 1316 842 1373 Canones,
877 1318 939 1363 ibi
972 1318 1046 1363 ubi
1080 1317 1315 1374 Βεβρύκων
1346 1318 1535 1362 nominis
1568 1318 1814 1376 prosodiam
1848 1317 2065 1376 disceptat
2101 1317 2161 1374 (1,
2196 1334 2236 1377 p.
2259 1318 2349 1363 314
2376 1318 2514 1364 Gaisf.

357 1399 378 1441 1
414 1413 455 1455 p.
480 1397 570 1442 295
601 1394 761 1453 Hilg.),
796 1413 892 1441 cum
925 1398 988 1441 ita
1018 1397 1172 1442 scribit
1202 1395 1362 1454 εὑρέθη
1391 1396 1476 1452 γὰρ
1501 1394 1711 1453 (Βέβρυξ)
1739 1400 1811 1441 καὶ
1832 1398 2112 1454 ἐκτεταμένον
2143 1397 2245 1452 ἔχον
2277 1396 2323 1442 τὸ
2354 1402 2394 1450 ὖ,
2424 1397 2517 1442 οἷον

347 1474 601 1533 “Βεβρύκων
626 1477 831 1532 βασιλῆος
853 1473 1085 1533 ἀγήνορος’
1121 1475 1286 1534 (Apoll.
1310 1476 1351 1531 2,
1376 1472 1423 1531 2)
1455 1478 1527 1519 καὶ
1549 1476 1905 1532 συνεσταλμένον,
1939 1475 2032 1520 οἷον
2056 1474 2168 1520 (οὐδ’
2191 1475 2281 1532 ἄρα
2304 1479 2517 1533 Βέβρυκες

354 1553 511 1611 ἄνδρες
541 1551 806 1612 ιῗκήδησαν
836 1551 1070 1611 βασιλῆοξ,
1104 1554 1148 1598 in
1184 1569 1312 1599 versu
1333 1560 1482 1599 nostro
1504 1570 1591 1599 non
1614 1551 1856 1612 ἀφείδησαν
1888 1553 1964 1599 sed
1997 1551 2219 1612 ἀκήδησαν
2250 1554 2376 1598 affert
2397 1551 2515 1611 (nam

354 1632 507 1677 testari
538 1648 594 1676 ne
627 1632 713 1676 dici
745 1632 920 1691 quidem
953 1634 1133 1690 potest),
1168 1632 1249 1676 hoc
1276 1631 1527 1686 Merkelius,
1562 1640 1707 1691 spreto
1739 1633 1947 1676 librorum
1981 1633 2245 1688 testimonio,
2280 1632 2517 1690 Apollonio

355 1726 433 1755 suo
471 1710 680 1768 reddidit,
720 1711 994 1769 improbante
1029 1710 1251 1755 Meinekio
1283 1710 1413 1754 Aual.
1448 1711 1576 1754 Alex.
1610 1726 1652 1769 p.
1680 1712 1782 1766 130,
1823 1712 2035 1769 probante
2072 1712 2264 1768 graviter
2301 1711 2515 1754 Bonitzio.

354 1789 453 1834 Utri
486 1791 598 1847 parti
632 1790 876 1833 credimus?
921 1790 1066 1833 Paene
1097 1789 1342 1833 mirandum
1376 1798 1444 1833 est
1475 1789 1626 1833 doctos
1658 1789 1856 1834 homines
1890 1798 1977 1833 tam
2000 1790 2259 1833 festinanter
2281 1806 2306 1833 a
2328 1787 2516 1834 Choero·

355 1868 487 1912 bosco
520 1867 760 1912 exhibitam
792 1868 1050 1926 scripturam
1082 1868 1330 1926 arripuisse,
1371 1882 1510 1926 neque
1549 1873 1750 1925 putamus
1782 1867 1865 1911 hoc
1901 1868 1996 1912 fieri
2029 1868 2223 1926 potuisse
2255 1868 2342 1912 nisi
2375 1868 2430 1912 ab
2462 1868 2516 1912 iis

355 1947 431 2005 qui
462 1955 537 1990 aut
567 1947 734 1990 nollent
765 1954 840 1990 aut
870 1962 958 1990 non
991 1947 1217 1990 crederent
1237 1944 1480 2004 ἀφείδησαν
1501 1946 1662 1990 habere
1684 1963 1792 2002 eam,
1817 1962 1946 2005 quam
1969 1948 2267 2004 probavimus,
2302 1947 2517 2003 significa-

356 2026 532 2069 tionem.
586 2025 700 2069 Nam
732 2025 786 2069 de
817 2041 960 2069 errore
993 2026 1031 2069 si
1062 2026 1217 2081 agitur,
1251 2041 1512 2083 quamquam
1547 2041 1634 2069 non
1666 2025 1886 2069 nescimus
1918 2026 2113 2083 φείδεται
2144 2034 2188 2069 et
2218 2024 2402 2083 κήδεται,
2427 2043 2515 2084 φει-

356 2104 538 2163 δόμενος
569 2112 613 2149 et
643 2104 877 2162 κηδόμενος
907 2104 979 2148 hic
1011 2104 1102 2147 illic
1132 2105 1248 2148 inter
1274 2119 1321 2148 se
1349 2113 1393 2148 et
1419 2105 1462 2147 in
1489 2112 1715 2162 utramque
1737 2104 1910 2163 quidem
1944 2114 2112 2163 partem
2135 2112 2402 2163 permutatas
2433 2106 2515 2148 for-

355 2200 448 2228 mas
481 2199 577 2228 esse
608 2182 714 2242 (qua
745 2184 797 2227 de
830 2199 876 2227 re
907 2183 980 2227 Fr.
1002 2183 1241 2238 Iacobsius‚
1277 2198 1406 2241 quem
1438 2183 1685 2227 Meinekius
1718 2183 1879 2239 laudat,
1912 2184 1955 2227 in
1991 2184 2172 2228 Anthol.
2202 2183 2339 2234 Palat.
2362 2198 2403 2239 V,
2429 2185 2516 2228 279

356 2269 400 2305 et
432 2259 687 2305 Wecklinus
719 2262 765 2304 in
796 2262 907 2304 Arte
929 2259 1159 2319 Sophoclis
1190 2261 1451 2305 emendandi
1484 2276 1525 2319 p.
1549 2263 1608 2305 50
1630 2259 1801 2318 agunt),
1826 2277 1968 2318 quam,
1993 2277 2266 2320 quaesumus,
2291 2263 2515 2320 probabile

356 2348 434 2395 est,
468 2338 722 2399 ἀφείδησαν,
756 2339 868 2398 quod
899 2346 967 2383 est
993 2340 1310 2397 significantius
1340 2341 1519 2383 verbum
1546 2348 1590 2383 et
1611 2340 1750 2397 magis
1772 2341 2008 2398 proprium,
2038 2341 2240 2399 quodque
2265 2357 2341 2384 usu
2364 2349 2515 2398 poetae

356 2419 703 2481 testimoniisque
733 2419 943 2462 librorum
975 2426 1019 2461 et
1049 2418 1297 2477 interpretis
1320 2417 1478 2463 Graeci
1511 2418 1742 2474 stabilitur,
1777 2434 1920 2463 errore
1952 2427 2101 2463 natum
2125 2435 2234 2475 esse,
2264 2436 2349 2463 non
2373 2435 2515 2463 errore

356 2498 552 2553 alterum,
586 2496 703 2554 quod
734 2503 778 2539 et
808 2496 1049 2553 simplicem
1082 2496 1215 2540 habet
1245 2503 1525 2554 apertamque
1564 2497 1928 2552 significationem
1961 2504 2005 2540 et
2035 2498 2091 2541 ab
2124 2513 2174 2540 eo
2207 2497 2400 2551 traditur,
2441 2498 2515 2554 qui

356 2574 514 2620 mirum
560 2581 769 2633 quantum
818 2580 957 2619 scatet
1002 2573 1220 2619 erroribus
1256 2574 1301 2619 in
1349 2580 1571 2633 poetarum
1613 2573 1811 2619 versibus
1855 2589 1964 2634 quos
2009 2575 2171 2631 citavit,
2220 2575 2311 2620 sive
2348 2575 2514 2619 librarii

356 2659 592 2712 peccarunt
628 2652 721 2698 sive
753 2652 1061 2709 grammaticus
1092 2649 1250 2709 ipse*).
1316 2649 1404 2696 Sed
1436 2666 1516 2696 nos
1548 2666 1634 2710 quo
1666 2652 1879 2697 curiosius
1918 2653 2124 2696 rimamur
2160 2653 2372 2697 rationem
2403 2653 2516 2696 inter

357 2731 437 2776 has
470 2731 578 2776 duas
612 2731 841 2775 verborum
868 2730 1030 2774 formas
1062 2726 1306 2787 ἀφείδησαν
1334 2737 1378 2774 et
1405 2727 1625 2787 ἀκήδησαν
1651 2729 2005 2786 intercedentem,
2036 2746 2086 2774 eo
2109 2731 2267 2774 certius
2288 2729 2513 2786 habemus,

357 2826 443 2855 non
477 2825 574 2855 esse
606 2808 660 2854 de
694 2824 810 2853 mero
843 2806 1061 2853 scribendi
1100 2822 1245 2852 errore
1277 2807 1569 2866 cogitandum,
1609 2807 1687 2852 sed
1718 2807 1805 2852 alia
1843 2808 1914 2852 via
1952 2807 2078 2853 huius
2111 2808 2321 2866 originem
2353 2807 2514 2852 discre-

357 2889 531 2948 pantiae
564 2887 890 2946 expediendam.
951 2885 1025 2930 Sic
1056 2887 1172 2931 enim
1205 2887 1448 2943 statuimus,
1482 2886 1535 2930 ad
1569 2885 1824 2945 ἀφείδησαν,
1859 2887 1975 2945 quod
2006 2887 2264 2945 Apollonius
2297 2895 2512 2945 posuerat,

575 3044 613 3090 *)
639 3043 818 3081 Nolumus
843 3043 913 3080 hoc
935 3041 1110 3090 persequi
1129 3041 1292 3090 longius,
1317 3052 1539 3088 quamquam
1558 3041 1595 3078 iu
1615 3042 1911 3089 diligentissima
1930 3042 2149 3079 recensione
2169 3041 2343 3090 Hilgardi
2362 3041 2515 3079 facilius

356 3122 455 3149 nnnc
473 3114 535 3148 est
550 3121 661 3157 quam
676 3109 814 3147 eratin
829 3108 1023 3147 Gaissordi
1041 3109 1220 3155 editione,
1238 3110 1303 3146 sed
1318 3108 1513 3146 afferimus
1526 3113 1665 3153 tamen,
1681 3108 1712 3144 si
1726 3109 1810 3154 quis
1825 3109 2041 3146 examinare
2056 3109 2195 3155 cupiat,
2209 3120 2328 3155 pauca
2343 3110 2515 3155 exempla

356 3188 454 3224 quae
486 3188 533 3214 ex
556 3175 736 3224 Hilgardi
760 3176 858 3212 libro
884 3175 1085 3222 elegimus:
1116 3187 1151 3222 p.
1172 3177 1252 3217 155,
1269 3176 1328 3212 30.
1358 3167 1440 3220 296,
1459 3177 1517 3211 32.
1548 3176 1630 3217 297,
1649 3175 1707 3210 29.
1737 3176 1815 3210 164.
1845 3176 1925 3212 168.·
1951 3195 1994 3200 —
2028 3176 2201 3211 Ceterum
2236 3175 2370 3210 similis
2397 3175 2514 3220 signi-

356 3243 546 3281 ficationis
572 3254 684 3280 voces
709 3243 748 3279 in
774 3242 883 3279 libris
914 3242 1066 3289 scriptis
1099 3242 1203 3279 inter.
1226 3252 1266 3278 se
1291 3241 1502 3288 permutari
1532 3246 1623 3277 nota
1654 3251 1717 3277 res
1744 3246 1821 3283 est,
1856 3248 1898 3278 et
1923 3240 2089 3277 fortasse
2121 3253 2194 3277 uon
2226 3241 2363 3278 inutile
2389 3247 2450 3277 est
2475 3243 2514 3277 in

357 3310 429 3347 hac
454 3319 569 3347 causa
593 3319 802 3345 memorare
827 3307 865 3345 in
884 3307 1143 3354 Xenophontis
1161 3307 1331 3344 Anabasi
1355 3308 1390 3352 5,
1408 3307 1443 3351 4,
1460 3308 1508 3345 20
1532 3317 1614 3342 cum
1639 3306 1748 3343 varis.
1772 3306 1824 3342 sit
1841 3306 2028 3352 scriptura
2054 3305 2229 3343 librorum
2257 3306 2397 3352 partim
2425 3308 2515 3355 ἀμε-

358 3372 524 3420 λήσαντες
547 3374 687 3421 partim
713 3372 1051 3423 ἀφροντιοτήσαντες
1075 3372 1331 3410 exhibentium
1358 3371 1499 3410 variari
1525 3372 1641 3409 etiam
1667 3372 1854 3408 editorum
1881 3371 2032 3408 iudicia.

2181 3443 2205 3480 3
