3009 3773
1540 186 1598 231 10

480 306 687 365 quoniam
719 307 783 351 sic
811 305 1035 351 reddenda
1055 313 1158 350 sunt
1180 305 1315 350 ‘nicht
1334 306 1447 350 buck
1477 306 1564 363 aas
1577 305 1710 363 jeaen
1730 303 1884 363 mehr',
1919 321 2004 351 non
2029 305 2260 353 defuerunt
2293 303 2402 362 (tres
2424 312 2650 353 enumerat

478 385 711 429 Michaelis
741 382 989 442 diligentia)
1021 386 1098 443 qui
1123 388 1264 443 μηκέτ’
1287 386 1421 429 scribi
1438 386 1654 431 iuberent.
1704 383 1877 438 Quibus
1899 401 1950 429 eo
1972 386 2116 431 minus
2140 384 2271 430 fidem
2291 385 2517 442 habemus,
2546 386 2651 444 quia

479 463 550 507 vel
581 463 650 507 his
682 463 880 521 pauculis
912 463 1126 522 exemplis
1159 463 1371 518 videmus,
1412 463 1529 520 quod
1561 462 1758 522 plurimis
1791 464 1994 520 cognosci
2029 470 2183 522 potest,
2217 463 2391 508 criticos
2419 462 2531 508 nihil
2560 463 2649 508 nisi

479 540 741 587 emendandi
780 542 1054 587 occasionem
1091 547 1303 586 venantes
1343 556 1454 600 quae
1490 540 1619 587 facile
1651 540 1876 587 emendari
1907 550 2091 600 possunt
2128 541 2378 599 emendare,
2416 557 2529 600 quae
2561 557 2645 588 non

479 629 674 678 possunt,
708 620 910 678 quamvis
943 620 1167 665 simillima
1198 620 1299 676 sint,
1333 620 1678 678 praetermittere
1710 635 1899 664 securos.

696 702 738 745 5.
786 699 911 744 Haec
934 700 1176 745 levidensia
1197 709 1299 744 sunt
1319 699 1574 744 admodum:
1604 700 1733 758 paulo
1754 700 1937 745 fortasse
1958 701 2162 758 graviora
2181 700 2290 745 haec
2310 716 2421 760 quae
2442 700 2647 760 deinceps

478 778 799 836 disputabimus
823 778 876 822 de
900 778 1045 822 verbis
1068 779 1249 822 multum
1268 778 1443 836 quidem
1462 777 1716 836 disceptatis
1735 777 1921 823 necdum
1937 778 1990 823 ad
2009 779 2281 836 probabilem
2298 780 2508 823 rationem
2527 794 2647 823 revo-

477 858 587 900 catis
620 871 732 914 quae
764 857 807 900 in
831 856 1010 901 Electra
1041 872 1081 901 v.
1107 857 1191 901 797
1217 865 1260 900 et
1283 857 1370 902 798
1392 857 1612 912 leguntur.
1659 855 1897 914 Postquam
1921 857 2036 902 enim
2060 856 2337 914 paedagogus
2356 858 2441 901 hoc
2463 857 2647 901 consilio

475 934 530 978 ad
554 933 951 992 Clytaemnestram
984 935 1145 979 missus
1177 934 1429 978 simulatum
1451 934 1673 980 interitum
1697 933 1868 979 Orestis
1889 933 1967 979 illa
1987 934 2218 992 splendida
2238 935 2434 979 oratione
2466 944 2510 979 et
2535 950 2647 993 quae

476 1012 802 1057 miserationem
834 1028 1008 1056 movere
1040 1021 1189 1071 posset
1221 1013 1442 1058 enarravit
1472 1019 1604 1070 atque
1632 1012 1872 1067 exornavit,
1906 1009 2259 1070 Clytaemnestra
2285 1013 2506 1072 paulisper
2532 1028 2646 1057 com-

476 1098 595 1135 mota
626 1099 674 1134 ut
704 1099 855 1147 mater,
881 1091 981 1135 dein
1003 1091 1162 1148 gaudio
1185 1091 1311 1147 elata,
1337 1091 1453 1149 quod
1476 1098 1599 1134 tanto
1622 1090 1815 1149 periculo
1837 1091 1894 1134 ab
1918 1090 2056 1139 ultore
2079 1090 2180 1137 dum
2205 1092 2371 1136 viveret
2391 1092 2646 1135 imminente

473 1171 660 1214 liberata
699 1170 921 1213 securitati
964 1170 1077 1213 vitae
1110 1185 1158 1214 se
1196 1169 1298 1212 dare
1330 1169 1482 1227 possit,
1518 1169 1600 1212 hoe
1632 1169 1778 1212 animo
1811 1184 1910 1213 cum
1948 1168 2125 1213 Electra
2163 1170 2363 1226 primum,
2406 1170 2505 1214 dein
2548 1185 2646 1214 cum

474 1248 727 1306 paedagogo
759 1263 1004 1291 sermonem
1038 1248 1188 1292 nectit.
1253 1248 1321 1291 Ex
1354 1262 1440 1305 quo
1471 1247 1581 1290 haec
1612 1246 1848 1291 afferimus.

1054 1334 1132 1365 HA.
1180 1325 1338 1381 ὕβριζε·
1388 1326 1467 1368 νῦν
1497 1323 1583 1379 γὰρ
1614 1321 1848 1379 εὔτυχοῦσα
1880 1323 2116 1379 τυγχάνεις.

901 1403 988 1447 795
1051 1412 1132 1443 ΚΑ.
1182 1401 1339 1447 οὔκουν
1361 1399 1559 1459 Ὀρέστης
1588 1405 1662 1446 καὶ
1693 1402 1747 1446 σὺ
1777 1400 1994 1447 παύσετον
2024 1401 2143 1446 τάδε.

1053 1491 1129 1522 ΗΛ.
1181 1480 1432 1536 πεπαύμεθ’
1454 1479 1585 1537 ἡμεῖς,
1618 1478 1697 1536 οὐχ
1728 1481 1845 1531 ὅπως
1876 1494 1923 1525 σε
1953 1479 2194 1538 παύσομεν.

1055 1570 1134 1602 KA-
1186 1561 1362 1606 πολλῶν
1394 1561 1451 1604 ἂν
1485 1560 1612 1617 ἥκοις,
1645 1558 1681 1603 ὦ
1711 1562 1813 1613 ξέν’,
1846 1559 1967 1613 ἄξιος
1999 1562 2160 1619 φιλεῖν,

1184 1642 1223 1684 εἰ
1254 1638 1371 1698 τήνδ’
1393 1640 1588 1690 ἔπαυσας
1620 1641 1690 1697 τῆς
1722 1638 2032 1693 πολυγλώσσου
2062 1642 2176 1697 βοῆς.

901 1720 988 1763 799
1053 1729 1177 1759 HAIA·
1230 1716 1387 1763 οὐκοῦν
1419 1716 1709 1776 ἀποστείχοιμ’
1731 1719 1802 1773 ἄν,
1836 1721 1875 1762 εἰ
1905 1718 2001 1762 τάδ’
2023 1717 2071 1763 εὖ
2101 1729 2231 1775 κυρεῖ.

471 1797 616 1852 Quem
648 1813 746 1840 cum
781 1813 1026 1840 sermonem
1060 1799 1268 1841 attentius
1302 1799 1616 1855 persequimur,
1650 1798 1837 1854 primum
1869 1797 2112 1854 intelligere
2145 1798 2354 1852 videmur,
2394 1813 2504 1856 quae
2536 1798 2643 1842 dicit

472 1874 827 1934 Clytaemnestra
858 1873 987 1931 (795)
1019 1874 1178 1919 οὔκουν
1201 1873 1407 1933 Ὀρέστης
1438 1878 1511 1919 καὶ
1544 1875 1596 1920 σὺ
1628 1876 1845 1925 παύσετον
1876 1875 1979 1920 τάδε
2012 1891 2096 1920 non
2130 1876 2514 1934 interrogationem
2547 1892 2642 1920 esse

471 1970 601 2013 quam
648 1954 778 2011 vulgo
825 1955 1009 1997 credunt
1046 1954 1124 1997 sed
1163 1955 1508 2008 conclusionem3
1542 1955 1703 2012 quippe
1742 1952 2095 2011 Clytaemnestra
2132 1970 2185 1997 ex
2225 1970 2276 1999 eo
2314 1955 2429 2013 quod
2468 1954 2644 1998 Electra

470 2035 642 2078 dixerat
675 2035 834 2090 ὕβριζε·
870 2038 949 2077 νῦν
978 2034 1064 2090 γὰρ
1095 2032 1331 2089 εὐτυχοῦσα
1354 2034 1576 2090 τυγχάνεις
1598 2034 1777 2090 colligit,
1802 2036 1858 2078 ab
1880 2035 1976 2093 ipsa
1996 2035 2130 2092 igitur
2151 2042 2194 2077 et
2214 2036 2270 2078 ab
2293 2034 2450 2078 Oreste
2472 2044 2642 2078 mortuo

470 2115 578 2158 haec
610 2115 697 2157 iam
730 2130 818 2157 non
851 2115 1074 2158 turbatum
1106 2124 1181 2157 aut
1211 2115 1383 2158 finitum
1416 2115 1484 2158 iri.
1549 2113 1679 2168 Quod
1719 2129 1817 2158 eum
1856 2114 2034 2159 Electra
2065 2129 2150 2157 non
2184 2114 2279 2158 sine
2311 2115 2548 2158 acerbitate
2581 2116 2643 2158 ita

469 2208 566 2237 esse
609 2193 877 2236 concesserit
914 2193 1060 2237 verbis
1099 2192 1354 2250 πεπαύμεθ’
1387 2191 1519 2250 ἡμεῖς,
1551 2191 1630 2248 οὐχ
1660 2192 1777 2243 ὅπως
1809 2205 1856 2235 σε
1887 2191 2125 2249 παύσομεν,
2165 2200 2257 2235 tum
2290 2190 2644 2251 Clytaemnestra

468 2272 768 2331 paedagogum
803 2271 1014 2330 appellat,
1051 2279 1097 2316 ut
1128 2288 1226 2316 eum
1267 2272 1430 2330 optime
1468 2271 1521 2316 de
1555 2287 1602 2316 se
1638 2271 1841 2316 meritum
1874 2286 1971 2315 esse
2003 2270 2192 2315 fateatur
2229 2271 2345 2330 quod
2376 2272 2415 2315 ei
2461 2272 2646 2329 contigit

469 2358 517 2393 ut
547 2350 750 2393 Electrae
784 2351 1033 2393 multisonis
1066 2350 1332 2394 clamoribus
1364 2351 1494 2393 finem
1533 2351 1790 2408 imponeret.
1853 2350 1951 2393 Non
1986 2349 2158 2392 dubitat
2188 2349 2266 2392 illa
2297 2350 2379 2393 hoc
2411 2366 2508 2393 eum
2541 2366 2644 2393 vere

469 2428 719 2486 perfecisse,
755 2428 832 2472 sed
865 2429 1066 2485 agnoscit
1098 2436 1141 2471 et
1173 2428 1370 2471 dilaudat
1403 2428 1660 2471 beneficium
1694 2428 1914 2485 quantivis
1948 2428 2100 2486 pretii3
2143 2443 2284 2485 neque
2322 2443 2448 2472 secus
2486 2428 2641 2486 paeda·

469 2522 607 2564 gogus
639 2514 832 2550 mentem
864 2507 958 2550 eius
992 2507 1173 2564 accepit,
1208 2506 1281 2564 qui
1314 2506 1376 2550 ita
1407 2506 1654 2563 respondet,
1690 2514 1737 2548 ut
1768 2505 1844 2549 illa
1867 2521 1977 2564 quae
1999 2505 2117 2549 dicat
2138 2506 2223 2549 sibi
2245 2514 2370 2563 grata
2390 2521 2486 2550 esse
2509 2506 2642 2563 signi-

467 2586 586 2629 ficet:
629 2583 788 2628 οὐκοῖνν
825 2581 1117 2641 ἀποστείχοιμ’
1156 2583 1226 2636 ἄν,
1259 2586 1297 2628 εἰ
1328 2583 1421 2627 τάδ’
1453 2582 1503 2627 εὖ
1534 2593 1664 2639 κυρεῖ.
1727 2584 1950 2628 Particula
1989 2599 2090 2628 vero
2131 2584 2444 2628 condicionalis
2477 2600 2563 2628 non
2597 2586 2640 2628 in

468 2664 551 2708 hac
589 2665 729 2720 magis
770 2680 900 2721 quam
934 2665 978 2707 in
1012 2664 1089 2707 illa
1120 2664 1316 2707 oratione
1350 2664 1437 2706 vim
1473 2664 1624 2707 incerti
1659 2663 1790 2707 habet
1822 2671 1897 2707 aut
1929 2662 2229 2718 dubitationis,
2264 2663 2340 2707 sed
2373 2663 2512 2708 forma
2543 2678 2644 2709 con-

418 2796 421 2797 ⁷
470 2742 677 2787 dicionali
719 2743 893 2801 ponitur
931 2741 1048 2800 quod
1086 2742 1249 2785 factum
1289 2749 1356 2784 est
1394 2757 1445 2784 ex
1487 2756 1625 2799 eoque
1664 2741 1950 2786 concluditur.
2014 2740 2144 2787 Hanc
2182 2741 2397 2786 sermonis
2429 2743 2643 2787 rationem

468 2821 534 2864 illi
567 2837 653 2865 non
695 2821 884 2865 assecuti
925 2828 1028 2864 sunt
1065 2821 1139 2878 qui
1178 2821 1235 2863 ἄν
1274 2816 1368 2876 ἧκες
1404 2830 1664 2878 reponentes
1703 2818 1801 2878 (pro
1841 2821 1897 2864 ἂν
1929 2819 2063 2878 ἥκοις)
2102 2820 2203 2864 huic
2235 2828 2282 2863 ut
2313 2820 2574 2878 respondeat
2604 2824 2644 2866 εἰ

468 2901 681 2950 ἔπαυσας,
714 2915 799 2943 non
834 2899 950 2958 quod
983 2899 1147 2942 factum
1179 2908 1247 2942 est
1279 2898 1356 2942 sed
1388 2898 1502 2956 quod
1537 2900 1627 2943 fieri
1662 2899 1878 2956 potuisset
1909 2899 2053 2944 efferri
2088 2899 2255 2953 volunt3
2290 2914 2376 2942 non
2401 2900 2539 2958 magis
2562 2900 2640 2956 illi,

469 2979 544 3036 qui
585 2994 683 3022 cum
723 2986 898 3022 servant
938 2976 1054 3035 quod
1093 2977 1303 3035 scriptum
1336 2983 1403 3020 est
1434 2977 1476 3019 in
1512 2977 1638 3021 libris
1671 2978 1727 3021 ἂν
1759 2977 1872 3033 ἥκοις
1906 2977 2006 3022 huic
2039 2993 2093 3021 ex
2125 2977 2262 3022 altera
2293 2984 2414 3035 parte
2446 2980 2485 3022 εἰ
2515 2977 2643 3034 τήνδε

467 3055 660 3107 παύσαις
691 3054 782 3112 (vel
815 3052 1012 3109 παύσεις)
1044 3054 1308 3112 respondere
1348 3055 1520 3099 iubent:
1566 3070 1650 3112 quo
1688 3055 1803 3099 facto
1842 3071 1953 3114 quae
1991 3063 2116 3113 gesta
2153 3070 2249 3100 esse
2289 3053 2644 3113 Clytaemnestra

469 3135 690 3193 sentiebat
727 3135 771 3176 in
813 3134 900 3177 vim
935 3133 1022 3180 voti
1056 3140 1132 3176 aut
1162 3133 1294 3176 futuri
1335 3133 1556 3175 notionem
1590 3133 1844 3191 accipienda
1875 3140 1990 3176 sunt.
2055 3132 2233 3176 Poterat
2264 3140 2380 3177 recte
2413 3133 2498 3178 dici
2531 3134 2642 3191 ἥκεις

468 3213 590 3266 ἄξιος
621 3215 661 3256 εἰ
682 3214 900 3263 ἔπαυσας,
933 3228 960 3255 a
981 3227 1067 3269 quo
1095 3212 1357 3256 tenuissima
1385 3211 1631 3254 differentia
1652 3211 1787 3255 distat
1808 3212 1851 3255 id
1875 3212 1989 3269 quod
2014 3213 2144 3257 solita
2167 3213 2412 3259 urbanitate
2434 3214 2640 3272 loquendi

469 3294 660 3352 positum
694 3299 761 3336 est
792 3292 850 3336 ἂν
882 3290 1015 3346 ἥκοις,
1047 3307 1134 3335 non
1167 3291 1296 3336 aliter
1327 3297 1456 3350 atque
1489 3290 1535 3334 in
1563 3291 1762 3349 proximo
1784 3306 1914 3337 versu
1937 3287 2225 3348 ἀποστείχοιμ’
2247 3291 2305 3335 ἄν
2326 3300 2370 3335 et
2392 3294 2639 3338 sexcenties

467 3373 510 3414 in
552 3386 640 3414 una
676 3370 913 3427 tragoedia.
978 3367 1066 3413 Sed
1105 3370 1185 3417 has
1225 3369 1505 3418 difficultates
1546 3370 1683 3414 critici
1718 3369 1801 3427 ipsi
1836 3377 2049 3426 crearunt,
2084 3384 2194 3429 quae
2226 3370 2372 3414 nullae
2405 3379 2508 3415 sunt
2539 3373 2640 3416 sim-
