<?xml version="1.0" encoding="UTF-8"?>
<!DOCTYPE html PUBLIC "-//W3C//DTD XHTML 1.0 Transitional//EN"
    "http://www.w3.org/TR/xhtml1/DTD/xhtml1-transitional.dtd">
<html xmlns="http://www.w3.org/1999/xhtml" xml:lang="en" lang="en">
 <head>
  <title>
</title>
<meta http-equiv="Content-Type" content="text/html;charset=utf-8" />
  <meta name='ocr-system' content='tesseract 3.04.00' />
  <meta name='ocr-capabilities' content='ocr_page ocr_carea ocr_par ocr_line ocrx_word'/>
</head>
<body>
  <div class='ocr_page' id='page_1' title='image "4767257_0029.png"; bbox 0 0 3009 3773; ppageno 0'>
   <div class='ocr_carea' id='block_1_1' title="bbox 1436 167 1492 210">
    <p class='ocr_par' dir='ltr' id='par_1_1' title="bbox 1436 167 1492 210">
     <span class='ocr_line' id='line_1_1' title="bbox 1436 167 1492 210; baseline 0 0"><span class='ocrx_word' id='word_1_1' title='bbox 1436 167 1492 210; x_wconf 77' lang='lat'><strong>19</strong></span> 
     </span>
    </p>
   </div>
   <div class='ocr_carea' id='block_1_2' title="bbox 372 285 2543 3319">
    <p class='ocr_par' dir='ltr' id='par_1_2' title="bbox 372 285 2543 3319">
     <span class='ocr_line' id='line_1_2' title="bbox 378 285 2542 346; baseline 0 -15"><span class='ocrx_word' id='word_1_2' title='bbox 378 300 431 331; x_wconf 82' lang='lat' dir='ltr'><strong>eo</strong></span> <span class='ocrx_word' id='word_1_3' title='bbox 454 285 671 340; x_wconf 65' lang='lat' dir='ltr'><strong>duci-nr,</strong></span> <span class='ocrx_word' id='word_1_4' title='bbox 705 292 754 330; x_wconf 88' lang='lat' dir='ltr'><strong>ut</strong></span> <span class='ocrx_word' id='word_1_5' title='bbox 783 285 867 329; x_wconf 81' lang='lat' dir='ltr'><strong>hoc</strong></span> <span class='ocrx_word' id='word_1_6' title='bbox 899 287 1096 343; x_wconf 74' lang='lat' dir='ltr'><strong>verbum,</strong></span> <span class='ocrx_word' id='word_1_7' title='bbox 1129 287 1494 346; x_wconf 70' lang='lat' dir='ltr'><strong>quemadmodum</strong></span> <span class='ocrx_word' id='word_1_8' title='bbox 1525 301 1699 346; x_wconf 81' lang='lat' dir='ltr'><strong>semper</strong></span> <span class='ocrx_word' id='word_1_9' title='bbox 1729 289 1968 346; x_wconf 82' lang='lat' dir='ltr'><strong>genitivum</strong></span> <span class='ocrx_word' id='word_1_10' title='bbox 2002 289 2193 332; x_wconf 81' lang='lat' dir='ltr'><strong>nominis</strong></span> <span class='ocrx_word' id='word_1_11' title='bbox 2224 290 2309 332; x_wconf 86' lang='lat' dir='ltr'><strong>sibi</strong></span> <span class='ocrx_word' id='word_1_12' title='bbox 2343 290 2542 332; x_wconf 80' lang='lat' dir='ltr'><strong>iunctum</strong></span> 
     </span>
     <span class='ocr_line' id='line_1_3' title="bbox 377 362 2543 426; baseline -0 -14"><span class='ocrx_word' id='word_1_13' title='bbox 377 365 530 422; x_wconf 71' lang='lat' dir='ltr'><strong>habet,</strong></span> <span class='ocrx_word' id='word_1_14' title='bbox 575 362 728 410; x_wconf 76' lang='lat' dir='ltr'><strong>eodem</strong></span> <span class='ocrx_word' id='word_1_15' title='bbox 762 365 910 410; x_wconf 67' lang='lat' dir='ltr'><strong>ubivis</strong></span> <span class='ocrx_word' id='word_1_16' title='bbox 941 365 1196 423; x_wconf 76' lang='lat' dir='ltr'><strong>significatu</strong></span> <span class='ocrx_word' id='word_1_17' title='bbox 1236 365 1426 425; x_wconf 78' lang='lat' dir='ltr'><strong>positum</strong></span> <span class='ocrx_word' id='word_1_18' title='bbox 1463 372 1707 411; x_wconf 73' lang='lat' dir='ltr'><strong>statuamus</strong></span> <span class='ocrx_word' id='word_1_19' title='bbox 1751 373 1796 409; x_wconf 88' lang='lat' dir='ltr'><strong>et</strong></span> <span class='ocrx_word' id='word_1_20' title='bbox 1831 366 1987 410; x_wconf 82' lang='lat' dir='ltr'><strong>Medea</strong></span> <span class='ocrx_word' id='word_1_21' title='bbox 2023 382 2196 426; x_wconf 86' lang='lat' dir='ltr'><strong>quoque</strong></span> <span class='ocrx_word' id='word_1_22' title='bbox 2236 367 2353 426; x_wconf 89' lang='lat' dir='ltr'><strong>quod</strong></span> <span class='ocrx_word' id='word_1_23' title='bbox 2389 367 2543 412; x_wconf 79' lang='lat' dir='ltr'><strong>fecerit</strong></span> 
     </span>
     <span class='ocr_line' id='line_1_4' title="bbox 377 443 1972 502; baseline 0.001 -16"><span class='ocrx_word' id='word_1_24' title='bbox 377 443 588 501; x_wconf 78' lang='lat' dir='ltr'><strong>neglectis</strong></span> <span class='ocrx_word' id='word_1_25' title='bbox 619 444 874 502; x_wconf 89' lang='lat' dir='ltr'><strong>parentibus</strong></span> <span class='ocrx_word' id='word_1_26' title='bbox 906 444 1000 487; x_wconf 81' lang='lat' dir='ltr'><strong>sive</strong></span> <span class='ocrx_word' id='word_1_27' title='bbox 1030 443 1142 487; x_wconf 78' lang='lat' dir='ltr'><strong>nihil</strong></span> <span class='ocrx_word' id='word_1_28' title='bbox 1171 450 1341 488; x_wconf 77' lang='lat' dir='ltr'><strong>morata</strong></span> <span class='ocrx_word' id='word_1_29' title='bbox 1371 453 1573 502; x_wconf 76' lang='lat' dir='ltr'><strong>parentes</strong></span> <span class='ocrx_word' id='word_1_30' title='bbox 1602 443 1760 488; x_wconf 83' lang='lat' dir='ltr'><strong>fecisse</strong></span> <span class='ocrx_word' id='word_1_31' title='bbox 1789 445 1972 488; x_wconf 82' lang='lat' dir='ltr'><strong>dicatur.</strong></span> 
     </span>
     <span class='ocr_line' id='line_1_5' title="bbox 494 508 2540 581; baseline 0.001 -17"><span class='ocrx_word' id='word_1_32' title='bbox 494 508 497 511; x_wconf 39' lang='lat'><strong><em>¹</em></strong></span> <span class='ocrx_word' id='word_1_33' title='bbox 595 519 683 565; x_wconf 85' lang='lat' dir='ltr'><strong>Sed</strong></span> <span class='ocrx_word' id='word_1_34' title='bbox 714 526 882 565; x_wconf 76' lang='lat' dir='ltr'><strong>restant</strong></span> <span class='ocrx_word' id='word_1_35' title='bbox 912 520 1109 565; x_wconf 78' lang='lat' dir='ltr'><strong>nonnulli</strong></span> <span class='ocrx_word' id='word_1_36' title='bbox 1142 536 1293 566; x_wconf 79' lang='lat' dir='ltr'><strong>versus</strong></span> <span class='ocrx_word' id='word_1_37' title='bbox 1326 521 1564 580; x_wconf 82' lang='lat' dir='ltr'><strong>Apollonii,</strong></span> <span class='ocrx_word' id='word_1_38' title='bbox 1604 522 1679 580; x_wconf 91' lang='lat' dir='ltr'><strong>qui</strong></span> <span class='ocrx_word' id='word_1_39' title='bbox 1717 521 1799 566; x_wconf 88' lang='lat' dir='ltr'><strong>hoc</strong></span> <span class='ocrx_word' id='word_1_40' title='bbox 1836 522 1951 565; x_wconf 90' lang='lat' dir='ltr'><strong>idem</strong></span> <span class='ocrx_word' id='word_1_41' title='bbox 1991 523 2266 581; x_wconf 80' lang='lat' dir='ltr'><strong>participium</strong></span> <span class='ocrx_word' id='word_1_42' title='bbox 2305 523 2381 567; x_wconf 86' lang='lat' dir='ltr'><strong>sed</strong></span> <span class='ocrx_word' id='word_1_43' title='bbox 2419 523 2540 576; x_wconf 86' lang='lat' dir='ltr'><strong>nullo</strong></span> 
     </span>
     <span class='ocr_line' id='line_1_6' title="bbox 377 598 2537 663; baseline 0.001 -21"><span class='ocrx_word' id='word_1_44' title='bbox 377 598 548 642; x_wconf 89' lang='lat' dir='ltr'><strong>adiecto</strong></span> <span class='ocrx_word' id='word_1_45' title='bbox 576 599 769 663; x_wconf 80' lang='lat' dir='ltr'><strong>genitivo</strong></span> <span class='ocrx_word' id='word_1_46' title='bbox 792 598 983 642; x_wconf 78' lang='lat' dir='ltr'><strong>nominis</strong></span> <span class='ocrx_word' id='word_1_47' title='bbox 1004 598 1182 655; x_wconf 74' lang='lat' dir='ltr'><strong>liabent,</strong></span> <span class='ocrx_word' id='word_1_48' title='bbox 1213 598 1270 642; x_wconf 82' lang='lat' dir='ltr'><strong>de</strong></span> <span class='ocrx_word' id='word_1_49' title='bbox 1295 612 1479 657; x_wconf 79' lang='lat' dir='ltr'><strong>quorum</strong></span> <span class='ocrx_word' id='word_1_50' title='bbox 1499 599 1542 642; x_wconf 83' lang='lat' dir='ltr'><strong>vi</strong></span> <span class='ocrx_word' id='word_1_51' title='bbox 1571 606 1615 642; x_wconf 91' lang='lat' dir='ltr'><strong>et</strong></span> <span class='ocrx_word' id='word_1_52' title='bbox 1641 600 1858 642; x_wconf 81' lang='lat' dir='ltr'><strong>sententia</strong></span> <span class='ocrx_word' id='word_1_53' title='bbox 1882 600 2177 657; x_wconf 81' lang='lat' dir='ltr'><strong>quaerendum</strong></span> <span class='ocrx_word' id='word_1_54' title='bbox 2205 610 2286 644; x_wconf 87' lang='lat' dir='ltr'><strong>est.</strong></span> <span class='ocrx_word' id='word_1_55' title='bbox 2339 601 2382 657; x_wconf 89' lang='lat'><strong>3,</strong></span> <span class='ocrx_word' id='word_1_56' title='bbox 2408 602 2537 655; x_wconf 87' lang='grc'><strong>1013,</strong></span> 
     </span>
     <span class='ocr_line' id='line_1_7' title="bbox 376 669 2540 736; baseline 0 -15"><span class='ocrx_word' id='word_1_57' title='bbox 376 676 452 721; x_wconf 74' lang='lat' dir='ltr'><strong>nbi</strong></span> <span class='ocrx_word' id='word_1_58' title='bbox 482 674 539 721; x_wconf 85' lang='lat' dir='ltr'><strong>de</strong></span> <span class='ocrx_word' id='word_1_59' title='bbox 571 675 739 728; x_wconf 79' lang='lat' dir='ltr'><strong>Medea,</strong></span> <span class='ocrx_word' id='word_1_60' title='bbox 776 676 902 720; x_wconf 82' lang='lat' dir='ltr'><strong>cuius</strong></span> <span class='ocrx_word' id='word_1_61' title='bbox 933 675 1062 720; x_wconf 85' lang='lat' dir='ltr'><strong>modo</strong></span> <span class='ocrx_word' id='word_1_62' title='bbox 1093 690 1219 735; x_wconf 84' lang='lat' dir='ltr'><strong>opem</strong></span> <span class='ocrx_word' id='word_1_63' title='bbox 1251 675 1353 720; x_wconf 74' lang='lat' dir='ltr'><strong>Iaso</strong></span> <span class='ocrx_word' id='word_1_64' title='bbox 1382 669 1643 732; x_wconf 75' lang='lat' dir='ltr'><strong>efflagitavit</strong></span> <span class='ocrx_word' id='word_1_65' title='bbox 1671 676 1806 733; x_wconf 81' lang='lat' dir='ltr'><strong>largis</strong></span> <span class='ocrx_word' id='word_1_66' title='bbox 1838 678 1876 720; x_wconf 86' lang='lat' dir='ltr'><strong>ei</strong></span> <span class='ocrx_word' id='word_1_67' title='bbox 1911 676 2114 722; x_wconf 81' lang='lat' dir='ltr'><strong>laudibus</strong></span> <span class='ocrx_word' id='word_1_68' title='bbox 2144 677 2392 736; x_wconf 81' lang='lat' dir='ltr'><strong>impertitis,</strong></span> <span class='ocrx_word' id='word_1_69' title='bbox 2432 678 2540 723; x_wconf 87' lang='lat' dir='ltr'><strong>haec</strong></span> 
     </span>
     <span class='ocr_line' id='line_1_8' title="bbox 376 755 1865 801; baseline 0.002 -3"><span class='ocrx_word' id='word_1_70' title='bbox 376 755 598 799; x_wconf 85' lang='lat' dir='ltr'><strong>dicuntur:</strong></span> <span class='ocrx_word' id='word_1_71' title='bbox 1861 793 1865 801; x_wconf 76' lang='grc'><strong><em>,</em></strong></span> 
     </span>
     <span class='ocr_line' id='line_1_9' title="bbox 955 833 2142 891; baseline 0.001 -14"><span class='ocrx_word' id='word_1_72' title='bbox 955 834 1013 884; x_wconf 79' lang='grc' dir='ltr'><strong><em>ὣς</em></strong></span> <span class='ocrx_word' id='word_1_73' title='bbox 1043 833 1429 891; x_wconf 64' lang='grc' dir='ltr'><strong><em>φάωκυδαίνων·</em></strong></span> <span class='ocrx_word' id='word_1_74' title='bbox 1469 833 1497 890; x_wconf 77' lang='grc' dir='ltr'><strong><em>ἣ</em></strong></span> <span class='ocrx_word' id='word_1_75' title='bbox 1527 833 1566 876; x_wconf 77' lang='grc' dir='ltr'><strong>δ’</strong></span> <span class='ocrx_word' id='word_1_76' title='bbox 1588 834 1786 887; x_wconf 68' lang='grc' dir='ltr'><strong><em>ἐγκλιδὸν</em></strong></span> <span class='ocrx_word' id='word_1_77' title='bbox 1817 833 1915 878; x_wconf 81' lang='grc' dir='ltr'><strong><em>ὄσσε</em></strong></span> <span class='ocrx_word' id='word_1_78' title='bbox 1945 836 2142 889; x_wconf 81' lang='grc' dir='ltr'><strong><em>βαλοῦσα</em></strong></span> 
     </span>
     <span class='ocr_line' id='line_1_10' title="bbox 954 910 2081 967; baseline 0.001 -13"><span class='ocrx_word' id='word_1_79' title='bbox 954 910 1182 966; x_wconf 68' lang='grc' dir='ltr'><strong><em>νεκτάρεον</em></strong></span> <span class='ocrx_word' id='word_1_80' title='bbox 1211 910 1397 967; x_wconf 76' lang='grc' dir='ltr'><strong><em>μείδησ’,</em></strong></span> <span class='ocrx_word' id='word_1_81' title='bbox 1427 910 1569 967; x_wconf 72' lang='grc' dir='ltr'><strong><em>ἐχύθη</em></strong></span> <span class='ocrx_word' id='word_1_82' title='bbox 1600 912 1650 954; x_wconf 83' lang='grc' dir='ltr'><strong>δέ</strong></span> <span class='ocrx_word' id='word_1_83' title='bbox 1678 911 1722 955; x_wconf 74' lang='grc' dir='ltr'><strong>οἳ</strong></span> <span class='ocrx_word' id='word_1_84' title='bbox 1751 912 1908 955; x_wconf 79' lang='grc' dir='ltr'><strong><em>ἔνδοθι</em></strong></span> <span class='ocrx_word' id='word_1_85' title='bbox 1939 915 2081 967; x_wconf 82' lang='grc' dir='ltr'><strong><em>θυμὸς</em></strong></span> 
     </span>
     <span class='ocr_line' id='line_1_11' title="bbox 774 986 2146 1047; baseline 0.001 -14"><span class='ocrx_word' id='word_1_86' title='bbox 774 989 893 1034; x_wconf 90' lang='grc'>1010</span> <span class='ocrx_word' id='word_1_87' title='bbox 953 992 1064 1047; x_wconf 80' lang='grc' dir='ltr'><strong><em>αἴνῳ</em></strong></span> <span class='ocrx_word' id='word_1_88' title='bbox 1096 986 1364 1047; x_wconf 87' lang='grc' dir='ltr'><strong><em>ἀειρομένης,</em></strong></span> <span class='ocrx_word' id='word_1_89' title='bbox 1397 992 1470 1033; x_wconf 73' lang='grc' dir='ltr'><strong><em>καὶ</em></strong></span> <span class='ocrx_word' id='word_1_90' title='bbox 1502 986 1744 1045; x_wconf 66' lang='grc' dir='ltr'><strong><em>ἀνέδρακεν</em></strong></span> <span class='ocrx_word' id='word_1_91' title='bbox 1773 988 1964 1047; x_wconf 79' lang='grc' dir='ltr'><strong><em>ὄμμασιν</em></strong></span> <span class='ocrx_word' id='word_1_92' title='bbox 1994 990 2146 1047; x_wconf 81' lang='grc' dir='ltr'><strong><em>ἄντην·</em></strong></span> 
     </span>
     <span class='ocr_line' id='line_1_12' title="bbox 955 1064 2132 1125; baseline 0.001 -13"><span class='ocrx_word' id='word_1_93' title='bbox 955 1064 1008 1112; x_wconf 75' lang='grc' dir='ltr'><strong>οὗ</strong></span> <span class='ocrx_word' id='word_1_94' title='bbox 1037 1068 1077 1112; x_wconf 80' lang='grc' dir='ltr'><strong>δ’</strong></span> <span class='ocrx_word' id='word_1_95' title='bbox 1098 1068 1195 1123; x_wconf 75' lang='grc' dir='ltr'><strong><em>ἔχεν</em></strong></span> <span class='ocrx_word' id='word_1_96' title='bbox 1225 1065 1329 1119; x_wconf 57' lang='lat' dir='ltr'><strong>inm</strong></span> <span class='ocrx_word' id='word_1_97' title='bbox 1359 1066 1580 1124; x_wconf 63' lang='grc' dir='ltr'><strong><em>πάροιθεν</em></strong></span> <span class='ocrx_word' id='word_1_98' title='bbox 1609 1068 1713 1118; x_wconf 74' lang='grc' dir='ltr'><strong><em>ἔπος</em></strong></span> <span class='ocrx_word' id='word_1_99' title='bbox 1745 1067 2132 1125; x_wconf 67' lang='grc' dir='ltr'><strong>προτιμυθήσαιτο,</strong></span> 
     </span>
     <span class='ocr_line' id='line_1_13' title="bbox 952 1143 2107 1203; baseline -0.001 -14"><span class='ocrx_word' id='word_1_100' title='bbox 952 1143 1049 1189; x_wconf 79' lang='grc' dir='ltr'><strong><em>ἀλλ’</em></strong></span> <span class='ocrx_word' id='word_1_101' title='bbox 1071 1144 1230 1203; x_wconf 77' lang='grc' dir='ltr'><strong><em>ἄμυδις</em></strong></span> <span class='ocrx_word' id='word_1_102' title='bbox 1259 1149 1485 1202; x_wconf 81' lang='grc' dir='ltr'><strong><em>μενέαινεν</em></strong></span> <span class='ocrx_word' id='word_1_103' title='bbox 1516 1143 1679 1190; x_wconf 82' lang='grc' dir='ltr'><strong><em>ἀολλέα</em></strong></span> <span class='ocrx_word' id='word_1_104' title='bbox 1711 1144 1840 1188; x_wconf 68' lang='grc' dir='ltr'><strong><em>πάντ’·</em></strong></span> <span class='ocrx_word' id='word_1_105' title='bbox 1861 1144 2107 1201; x_wconf 76' lang='grc' dir='ltr'><strong><em>ἀγορεῦσαι.</em></strong></span> 
     </span>
     <span class='ocr_line' id='line_1_14' title="bbox 779 1221 2101 1282; baseline 0.001 -15"><span class='ocrx_word' id='word_1_106' title='bbox 779 1223 894 1268; x_wconf 83' lang='grc'><strong>1013</strong></span> <span class='ocrx_word' id='word_1_107' title='bbox 956 1224 1129 1280; x_wconf 77' lang='grc' dir='ltr'><strong><em>προπρὸ</em></strong></span> <span class='ocrx_word' id='word_1_108' title='bbox 1159 1224 1199 1267; x_wconf 85' lang='grc' dir='ltr'><strong>δ’</strong></span> <span class='ocrx_word' id='word_1_109' title='bbox 1215 1221 1542 1281; x_wconf 71' lang='grc' dir='ltr'><strong><em>ἀφειδήσασα</em></strong></span> <span class='ocrx_word' id='word_1_110' title='bbox 1574 1223 1774 1274; x_wconf 69' lang='grc' dir='ltr'><strong><em>θυώδεος</em></strong></span> <span class='ocrx_word' id='word_1_111' title='bbox 1805 1225 1925 1277; x_wconf 84' lang='grc' dir='ltr'><strong><em>ἔξελε</em></strong></span> <span class='ocrx_word' id='word_1_112' title='bbox 1954 1229 2101 1282; x_wconf 77' lang='grc' dir='ltr'><strong><em>μίτρης</em></strong></span> 
     </span>
     <span class='ocr_line' id='line_1_15' title="bbox 817 1300 2314 1360; baseline 0.001 -15"><span class='ocrx_word' id='word_1_113' title='bbox 817 1353 820 1357; x_wconf 31' lang='grc' dir='ltr'>Ι</span> <span class='ocrx_word' id='word_1_114' title='bbox 954 1300 1210 1360; x_wconf 67' lang='grc' dir='ltr'><strong><em>φάρμακον·</em></strong></span> <span class='ocrx_word' id='word_1_115' title='bbox 1251 1300 1391 1359; x_wconf 68' lang='grc' dir='ltr'><strong><em>αὐτὰρ</em></strong></span> <span class='ocrx_word' id='word_1_116' title='bbox 1421 1303 1446 1346; x_wconf 85' lang='grc' dir='ltr'><strong>ὅ</strong></span> <span class='ocrx_word' id='word_1_117' title='bbox 1475 1305 1514 1356; x_wconf 79' lang='grc' dir='ltr'><strong>γ’</strong></span> <span class='ocrx_word' id='word_1_118' title='bbox 1536 1305 1656 1359; x_wconf 71' lang='grc' dir='ltr'><strong><em>αἶψα</em></strong></span> <span class='ocrx_word' id='word_1_119' title='bbox 1687 1312 1831 1358; x_wconf 70' lang='grc' dir='ltr'><strong><em>χεροῖν</em></strong></span> <span class='ocrx_word' id='word_1_120' title='bbox 1862 1301 2068 1347; x_wconf 64' lang='grc' dir='ltr'><strong><em>ὑπέδεκτο</em></strong></span> <span class='ocrx_word' id='word_1_121' title='bbox 2098 1302 2314 1360; x_wconf 69' lang='grc' dir='ltr'><strong><em>γεγηθός.</em></strong></span> 
     </span>
     <span class='ocr_line' id='line_1_16' title="bbox 377 1377 2535 1439; baseline 0 -16"><span class='ocrx_word' id='word_1_122' title='bbox 377 1379 440 1423; x_wconf 89' lang='lat' dir='ltr'><strong>Ut</strong></span> <span class='ocrx_word' id='word_1_123' title='bbox 468 1380 694 1423; x_wconf 71' lang='lat' dir='ltr'><strong>mittamus</strong></span> <span class='ocrx_word' id='word_1_124' title='bbox 727 1395 856 1436; x_wconf 85' lang='lat' dir='ltr'><strong>nunc,</strong></span> <span class='ocrx_word' id='word_1_125' title='bbox 890 1380 944 1423; x_wconf 94' lang='lat' dir='ltr'><strong>de</strong></span> <span class='ocrx_word' id='word_1_126' title='bbox 976 1395 1062 1438; x_wconf 88' lang='lat' dir='ltr'><strong>qua</strong></span> <span class='ocrx_word' id='word_1_127' title='bbox 1092 1377 1228 1438; x_wconf 74' lang='lat' dir='ltr'><strong>supra.¹</strong></span> <span class='ocrx_word' id='word_1_128' title='bbox 1254 1381 1459 1435; x_wconf 85' lang='lat' dir='ltr'><strong>diximus,</strong></span> <span class='ocrx_word' id='word_1_129' title='bbox 1495 1382 1747 1424; x_wconf 82' lang='lat' dir='ltr'><strong>varietatem</strong></span> <span class='ocrx_word' id='word_1_130' title='bbox 1781 1382 2021 1439; x_wconf 76' lang='lat' dir='ltr'><strong>scripturae</strong></span> <span class='ocrx_word' id='word_1_131' title='bbox 2053 1382 2099 1424; x_wconf 88' lang='lat' dir='ltr'><strong>in</strong></span> <span class='ocrx_word' id='word_1_132' title='bbox 2132 1397 2170 1424; x_wconf 83' lang='lat' dir='ltr'><strong>v,</strong></span> <span class='ocrx_word' id='word_1_133' title='bbox 2210 1383 2324 1425; x_wconf 85' lang='lat'>1013</span> <span class='ocrx_word' id='word_1_134' title='bbox 2356 1396 2383 1424; x_wconf 86' lang='lat' dir='ltr'><strong>a</strong></span> <span class='ocrx_word' id='word_1_135' title='bbox 2414 1382 2535 1424; x_wconf 88' lang='lat' dir='ltr'><strong>scho-</strong></span> 
     </span>
     <span class='ocr_line' id='line_1_17' title="bbox 375 1457 2537 1518; baseline 0 -16"><span class='ocrx_word' id='word_1_136' title='bbox 375 1459 504 1502; x_wconf 77' lang='lat' dir='ltr'><strong>liasta</strong></span> <span class='ocrx_word' id='word_1_137' title='bbox 533 1466 832 1514; x_wconf 77' lang='lat' dir='ltr'><strong>memoratam,</strong></span> <span class='ocrx_word' id='word_1_138' title='bbox 864 1460 910 1502; x_wconf 91' lang='lat' dir='ltr'><strong>in</strong></span> <span class='ocrx_word' id='word_1_139' title='bbox 943 1458 1122 1502; x_wconf 79' lang='lat' dir='ltr'><strong>scholiis</strong></span> <span class='ocrx_word' id='word_1_140' title='bbox 1155 1459 1270 1517; x_wconf 88' lang='lat' dir='ltr'><strong>quod</strong></span> <span class='ocrx_word' id='word_1_141' title='bbox 1303 1459 1357 1502; x_wconf 91' lang='lat' dir='ltr'><strong>ad</strong></span> <span class='ocrx_word' id='word_1_142' title='bbox 1389 1457 1666 1516; x_wconf 70' lang='grc' dir='ltr'><strong><em>ἀφειδήσασα</em></strong></span> <span class='ocrx_word' id='word_1_143' title='bbox 1699 1460 1805 1502; x_wconf 83' lang='lat' dir='ltr'><strong>haec</strong></span> <span class='ocrx_word' id='word_1_144' title='bbox 1832 1460 2141 1503; x_wconf 88' lang='lat' dir='ltr'><strong>adscribuntur</strong></span> <span class='ocrx_word' id='word_1_145' title='bbox 2159 1458 2537 1518; x_wconf 73' lang='grc' dir='ltr'><strong><em>ἀφρονπστήσασα</em></strong></span> 
     </span>
     <span class='ocr_line' id='line_1_18' title="bbox 374 1535 2537 1596; baseline -0 -15"><span class='ocrx_word' id='word_1_146' title='bbox 374 1542 451 1581; x_wconf 72' lang='grc' dir='ltr'><strong>τοῦ</strong></span> <span class='ocrx_word' id='word_1_147' title='bbox 481 1548 730 1595; x_wconf 67' lang='grc' dir='ltr'><strong><em>προσειπεῖν</em></strong></span> <span class='ocrx_word' id='word_1_148' title='bbox 759 1537 888 1594; x_wconf 77' lang='grc' dir='ltr'><strong><em>(πρὸς</em></strong></span> <span class='ocrx_word' id='word_1_149' title='bbox 918 1540 1068 1582; x_wconf 77' lang='grc' dir='ltr'><strong><em>τοῦτον</em></strong></span> <span class='ocrx_word' id='word_1_150' title='bbox 1098 1541 1236 1583; x_wconf 67' lang='grc' dir='ltr'><strong><em>εἰπεῖν</em></strong></span> <span class='ocrx_word' id='word_1_151' title='bbox 1265 1536 1430 1594; x_wconf 53' lang='lat' dir='ltr'><strong>Lama),</strong></span> <span class='ocrx_word' id='word_1_152' title='bbox 1464 1537 1560 1582; x_wconf 81' lang='grc' dir='ltr'><strong><em>ἀντὶ</em></strong></span> <span class='ocrx_word' id='word_1_153' title='bbox 1591 1542 1666 1582; x_wconf 69' lang='grc' dir='ltr'><strong>τοῦ</strong></span> <span class='ocrx_word' id='word_1_154' title='bbox 1694 1544 1839 1596; x_wconf 73' lang='grc' dir='ltr'><strong><em>μηκέτι</em></strong></span> <span class='ocrx_word' id='word_1_155' title='bbox 1871 1535 2203 1595; x_wconf 69' lang='grc' dir='ltr'><strong><em>ἀκριβωσαμένη</em></strong></span> <span class='ocrx_word' id='word_1_156' title='bbox 2233 1540 2259 1595; x_wconf 70' lang='grc' dir='ltr'><em>ἢ</em></span> <span class='ocrx_word' id='word_1_157' title='bbox 2290 1541 2537 1594; x_wconf 75' lang='grc' dir='ltr'><strong><em>πολυπραγ-</em></strong></span> 
     </span>
     <span class='ocr_line' id='line_1_19' title="bbox 373 1615 2537 1674; baseline -0 -14"><span class='ocrx_word' id='word_1_158' title='bbox 373 1616 602 1673; x_wconf 71' lang='grc' dir='ltr'><strong><em>μονήσασα</em></strong></span> <span class='ocrx_word' id='word_1_159' title='bbox 637 1615 820 1674; x_wconf 69' lang='grc' dir='ltr'><strong><em>ἀφεῖλεν</em></strong></span> <span class='ocrx_word' id='word_1_160' title='bbox 855 1618 903 1660; x_wconf 66' lang='grc' dir='ltr'><strong>ἐκ</strong></span> <span class='ocrx_word' id='word_1_161' title='bbox 939 1621 1012 1672; x_wconf 75' lang='grc' dir='ltr'><strong><em>τῆς</em></strong></span> <span class='ocrx_word' id='word_1_162' title='bbox 1047 1617 1387 1673; x_wconf 78' lang='grc' dir='ltr'><strong><em>στηθοδεσμίδος</em></strong></span> <span class='ocrx_word' id='word_1_163' title='bbox 1425 1616 1472 1659; x_wconf 81' lang='grc' dir='ltr'><strong>τὸ</strong></span> <span class='ocrx_word' id='word_1_164' title='bbox 1510 1616 1760 1673; x_wconf 70' lang='grc' dir='ltr'><strong><em>φάρμακον,</em></strong></span> <span class='ocrx_word' id='word_1_165' title='bbox 1797 1625 1976 1674; x_wconf 86' lang='lat' dir='ltr'><strong>apparet</strong></span> <span class='ocrx_word' id='word_1_166' title='bbox 2013 1618 2292 1674; x_wconf 84' lang='lat' dir='ltr'><strong>interpretem</strong></span> <span class='ocrx_word' id='word_1_167' title='bbox 2331 1618 2370 1659; x_wconf 90' lang='lat' dir='ltr'><strong>ei</strong></span> <span class='ocrx_word' id='word_1_168' title='bbox 2405 1618 2537 1660; x_wconf 82' lang='lat' dir='ltr'><strong>verbo</strong></span> 
     </span>
     <span class='ocr_line' id='line_1_20' title="bbox 373 1690 2536 1752; baseline 0 -15"><span class='ocrx_word' id='word_1_169' title='bbox 373 1694 580 1752; x_wconf 90' lang='lat' dir='ltr'><strong>parcendi</strong></span> <span class='ocrx_word' id='word_1_170' title='bbox 614 1694 685 1737; x_wconf 83' lang='lat' dir='ltr'><strong>vel</strong></span> <span class='ocrx_word' id='word_1_171' title='bbox 716 1709 804 1737; x_wconf 90' lang='lat' dir='ltr'><strong>non</strong></span> <span class='ocrx_word' id='word_1_172' title='bbox 835 1690 1043 1752; x_wconf 89' lang='lat' dir='ltr'><strong>parcendi</strong></span> <span class='ocrx_word' id='word_1_173' title='bbox 1075 1695 1165 1738; x_wconf 83' lang='lat' dir='ltr'><strong>vim</strong></span> <span class='ocrx_word' id='word_1_174' title='bbox 1197 1694 1375 1738; x_wconf 90' lang='lat' dir='ltr'><strong>minime</strong></span> <span class='ocrx_word' id='word_1_175' title='bbox 1405 1695 1623 1750; x_wconf 88' lang='lat' dir='ltr'><strong>tribuisse,</strong></span> <span class='ocrx_word' id='word_1_176' title='bbox 1657 1701 1702 1738; x_wconf 90' lang='lat' dir='ltr'><strong>et</strong></span> <span class='ocrx_word' id='word_1_177' title='bbox 1733 1709 1995 1752; x_wconf 91' lang='lat' dir='ltr'><strong>quamquam</strong></span> <span class='ocrx_word' id='word_1_178' title='bbox 2028 1694 2229 1737; x_wconf 88' lang='lat' dir='ltr'><strong>nonnihil</strong></span> <span class='ocrx_word' id='word_1_179' title='bbox 2250 1694 2536 1738; x_wconf 87' lang='lat' dir='ltr'><strong>dubitationis</strong></span> 
     </span>
     <span class='ocr_line' id='line_1_21' title="bbox 373 1771 2535 1832; baseline 0 -16"><span class='ocrx_word' id='word_1_180' title='bbox 373 1779 441 1816; x_wconf 82' lang='lat' dir='ltr'><strong>est</strong></span> <span class='ocrx_word' id='word_1_181' title='bbox 477 1773 531 1816; x_wconf 84' lang='lat' dir='ltr'><strong>de</strong></span> <span class='ocrx_word' id='word_1_182' title='bbox 567 1774 786 1832; x_wconf 88' lang='lat' dir='ltr'><strong>prioribus</strong></span> <span class='ocrx_word' id='word_1_183' title='bbox 823 1771 1199 1831; x_wconf 79' lang='grc' dir='ltr'><strong><em>ἀφροντιστήσασα</em></strong></span> <span class='ocrx_word' id='word_1_184' title='bbox 1236 1775 1311 1816; x_wconf 82' lang='grc' dir='ltr'><strong>τοῦ</strong></span> <span class='ocrx_word' id='word_1_185' title='bbox 1349 1774 1596 1828; x_wconf 67' lang='grc' dir='ltr'><strong><em>προσειπεῖν</em></strong></span> <span class='ocrx_word' id='word_1_186' title='bbox 1631 1774 1762 1831; x_wconf 88' lang='lat' dir='ltr'><strong>(quae</strong></span> <span class='ocrx_word' id='word_1_187' title='bbox 1799 1774 1846 1815; x_wconf 91' lang='lat' dir='ltr'><strong>in</strong></span> <span class='ocrx_word' id='word_1_188' title='bbox 1876 1772 2170 1815; x_wconf 76' lang='lat' dir='ltr'><strong>Laurentiano</strong></span> <span class='ocrx_word' id='word_1_189' title='bbox 2210 1774 2384 1832; x_wconf 90' lang='lat' dir='ltr'><strong>quidem</strong></span> <span class='ocrx_word' id='word_1_190' title='bbox 2423 1774 2535 1816; x_wconf 91' lang='lat' dir='ltr'><strong>libro</strong></span> 
     </span>
     <span class='ocr_line' id='line_1_22' title="bbox 372 1834 2538 1910; baseline 0 -14"><span class='ocrx_word' id='word_1_191' title='bbox 372 1868 462 1896; x_wconf 90' lang='lat' dir='ltr'><strong>non</strong></span> <span class='ocrx_word' id='word_1_192' title='bbox 493 1852 557 1896; x_wconf 81' lang='lat' dir='ltr'><strong>ita</strong></span> <span class='ocrx_word' id='word_1_193' title='bbox 586 1852 752 1909; x_wconf 79' lang='lat' dir='ltr'><strong>scripta</strong></span> <span class='ocrx_word' id='word_1_194' title='bbox 770 1834 915 1907; x_wconf 58' lang='lat' dir='ltr'><strong>sunt),</strong></span> <span class='ocrx_word' id='word_1_195' title='bbox 949 1853 1004 1897; x_wconf 82' lang='lat' dir='ltr'><strong>iis</strong></span> <span class='ocrx_word' id='word_1_196' title='bbox 1035 1868 1146 1910; x_wconf 86' lang='lat' dir='ltr'><strong>quae</strong></span> <span class='ocrx_word' id='word_1_197' title='bbox 1179 1851 1348 1896; x_wconf 83' lang='lat' dir='ltr'><strong>addidit</strong></span> <span class='ocrx_word' id='word_1_198' title='bbox 1379 1851 1607 1896; x_wconf 83' lang='lat' dir='ltr'><strong>verissime</strong></span> <span class='ocrx_word' id='word_1_199' title='bbox 1639 1851 1811 1896; x_wconf 82' lang='lat' dir='ltr'><strong>videtur</strong></span> <span class='ocrx_word' id='word_1_200' title='bbox 1842 1868 2019 1896; x_wconf 88' lang='lat' dir='ltr'><strong>sensum</strong></span> <span class='ocrx_word' id='word_1_201' title='bbox 2054 1851 2181 1897; x_wconf 84' lang='lat' dir='ltr'><strong>huius</strong></span> <span class='ocrx_word' id='word_1_202' title='bbox 2202 1852 2419 1909; x_wconf 85' lang='lat' dir='ltr'><strong>participii</strong></span> <span class='ocrx_word' id='word_1_203' title='bbox 2441 1852 2538 1896; x_wconf 82' lang='lat' dir='ltr'><strong>red-</strong></span> 
     </span>
     <span class='ocr_line' id='line_1_23' title="bbox 374 1930 2538 1990; baseline 0 -17"><span class='ocrx_word' id='word_1_204' title='bbox 374 1930 557 1974; x_wconf 86' lang='lat' dir='ltr'><strong>didisse:</strong></span> <span class='ocrx_word' id='word_1_205' title='bbox 590 1930 740 1974; x_wconf 90' lang='lat' dir='ltr'><strong>nescia</strong></span> <span class='ocrx_word' id='word_1_206' title='bbox 771 1937 864 1973; x_wconf 89' lang='lat' dir='ltr'><strong>erat</strong></span> <span class='ocrx_word' id='word_1_207' title='bbox 894 1930 1053 1974; x_wconf 83' lang='lat' dir='ltr'><strong>Medea</strong></span> <span class='ocrx_word' id='word_1_208' title='bbox 1083 1945 1168 1990; x_wconf 90' lang='lat' dir='ltr'><strong>quo</strong></span> <span class='ocrx_word' id='word_1_209' title='bbox 1199 1931 1320 1989; x_wconf 86' lang='lat' dir='ltr'><strong>prius</strong></span> <span class='ocrx_word' id='word_1_210' title='bbox 1354 1931 1486 1973; x_wconf 85' lang='lat' dir='ltr'><strong>verbo</strong></span> <span class='ocrx_word' id='word_1_211' title='bbox 1519 1945 1617 1973; x_wconf 87' lang='lat' dir='ltr'><strong>eum</strong></span> <span class='ocrx_word' id='word_1_212' title='bbox 1649 1930 1953 1988; x_wconf 86' lang='lat' dir='ltr'><strong>alloqueretur,</strong></span> <span class='ocrx_word' id='word_1_213' title='bbox 1988 1931 2138 1973; x_wconf 82' lang='lat' dir='ltr'><strong>maluit</strong></span> <span class='ocrx_word' id='word_1_214' title='bbox 2172 1931 2207 1973; x_wconf 85' lang='lat' dir='ltr'><strong>si</strong></span> <span class='ocrx_word' id='word_1_215' title='bbox 2240 1931 2334 1973; x_wconf 87' lang='lat' dir='ltr'><strong>fieri</strong></span> <span class='ocrx_word' id='word_1_216' title='bbox 2366 1936 2538 1989; x_wconf 81' lang='lat' dir='ltr'><strong>poterat</strong></span> 
     </span>
     <span class='ocr_line' id='line_1_24' title="bbox 373 2009 2535 2066; baseline -0 -14"><span class='ocrx_word' id='word_1_217' title='bbox 373 2009 505 2052; x_wconf 88' lang='lat' dir='ltr'><strong>simul</strong></span> <span class='ocrx_word' id='word_1_218' title='bbox 536 2009 684 2053; x_wconf 88' lang='lat' dir='ltr'><strong>omnia</strong></span> <span class='ocrx_word' id='word_1_219' title='bbox 714 2009 926 2066; x_wconf 68' lang='lat' dir='ltr'><strong>proferreg</strong></span> <span class='ocrx_word' id='word_1_220' title='bbox 965 2016 1095 2053; x_wconf 90' lang='lat' dir='ltr'><strong>antea</strong></span> <span class='ocrx_word' id='word_1_221' title='bbox 1125 2016 1267 2052; x_wconf 89' lang='lat' dir='ltr'><strong>autem</strong></span> <span class='ocrx_word' id='word_1_222' title='bbox 1300 2009 1411 2052; x_wconf 85' lang='lat' dir='ltr'><strong>nihil</strong></span> <span class='ocrx_word' id='word_1_223' title='bbox 1443 2017 1625 2062; x_wconf 87' lang='lat' dir='ltr'><strong>morata,</strong></span> <span class='ocrx_word' id='word_1_224' title='bbox 1663 2009 1785 2052; x_wconf 87' lang='lat' dir='ltr'><strong>nulla</strong></span> <span class='ocrx_word' id='word_1_225' title='bbox 1814 2024 1859 2051; x_wconf 87' lang='lat' dir='ltr'><strong>re</strong></span> <span class='ocrx_word' id='word_1_226' title='bbox 1893 2009 2111 2064; x_wconf 85' lang='lat' dir='ltr'><strong>deterrita,</strong></span> <span class='ocrx_word' id='word_1_227' title='bbox 2145 2024 2309 2064; x_wconf 86' lang='lat' dir='ltr'><strong>secura,</strong></span> <span class='ocrx_word' id='word_1_228' title='bbox 2344 2009 2464 2052; x_wconf 89' lang='lat' dir='ltr'><strong>dedit</strong></span> <span class='ocrx_word' id='word_1_229' title='bbox 2495 2010 2535 2051; x_wconf 90' lang='lat' dir='ltr'><strong>ei</strong></span> 
     </span>
     <span class='ocr_line' id='line_1_25' title="bbox 373 2087 659 2144; baseline -0.003 -15"><span class='ocrx_word' id='word_1_230' title='bbox 373 2087 489 2144; x_wconf 91' lang='lat' dir='ltr'><strong>quod</strong></span> <span class='ocrx_word' id='word_1_231' title='bbox 520 2087 659 2144; x_wconf 86' lang='lat' dir='ltr'><strong>petiit.</strong></span> 
     </span>
     <span class='ocr_line' id='line_1_26' title="bbox 588 2163 1629 2222; baseline -0.001 -14"><span class='ocrx_word' id='word_1_232' title='bbox 588 2163 843 2222; x_wconf 84' lang='lat' dir='ltr'><strong>Eademque</strong></span> <span class='ocrx_word' id='word_1_233' title='bbox 875 2164 1137 2221; x_wconf 76' lang='lat' dir='ltr'><strong>significatio</strong></span> <span class='ocrx_word' id='word_1_234' title='bbox 1170 2165 1447 2220; x_wconf 85' lang='lat' dir='ltr'><strong>cognoscitur</strong></span> <span class='ocrx_word' id='word_1_235' title='bbox 1479 2164 1520 2220; x_wconf 82' lang='lat'><strong>3,</strong></span> <span class='ocrx_word' id='word_1_236' title='bbox 1543 2164 1629 2207; x_wconf 79' lang='lat'><strong>527</strong></span> 
     </span>
     <span class='ocr_line' id='line_1_27' title="bbox 952 2242 1907 2299; baseline -0.001 -14"><span class='ocrx_word' id='word_1_237' title='bbox 952 2242 1010 2285; x_wconf 69' lang='grc' dir='ltr'><strong>τιὸ</strong></span> <span class='ocrx_word' id='word_1_238' title='bbox 1043 2247 1198 2297; x_wconf 67' lang='grc' dir='ltr'><strong><em>καίπερ</em></strong></span> <span class='ocrx_word' id='word_1_239' title='bbox 1228 2245 1450 2298; x_wconf 68' lang='grc' dir='ltr'><strong><em>μεμαῶτες</em></strong></span> <span class='ocrx_word' id='word_1_240' title='bbox 1479 2244 1722 2299; x_wconf 71' lang='grc' dir='ltr'><strong><em>ἐρητύοισθ’</em></strong></span> <span class='ocrx_word' id='word_1_241' title='bbox 1744 2244 1809 2285; x_wconf 77' lang='grc' dir='ltr'><strong><em>ἐνὶ</em></strong></span> <span class='ocrx_word' id='word_1_242' title='bbox 1840 2246 1907 2298; x_wconf 73' lang='grc' dir='ltr'><strong><em>νηὶ</em></strong></span> 
     </span>
     <span class='ocr_line' id='line_1_28' title="bbox 949 2319 2330 2376; baseline -0.001 -12"><span class='ocrx_word' id='word_1_243' title='bbox 949 2320 1112 2364; x_wconf 83' lang='grc' dir='ltr'><strong><em>τυτθὸν</em></strong></span> <span class='ocrx_word' id='word_1_244' title='bbox 1143 2321 1234 2371; x_wconf 80' lang='grc' dir='ltr'><strong><em>ἔθ’,</em></strong></span> <span class='ocrx_word' id='word_1_245' title='bbox 1267 2319 1325 2370; x_wconf 77' lang='grc' dir='ltr'><strong><em>ὥς</em></strong></span> <span class='ocrx_word' id='word_1_246' title='bbox 1356 2320 1404 2363; x_wconf 82' lang='grc' dir='ltr'><strong>τὸ</strong></span> <span class='ocrx_word' id='word_1_247' title='bbox 1435 2320 1671 2376; x_wconf 74' lang='grc' dir='ltr'><strong><em>πάροιθεν·</em></strong></span> <span class='ocrx_word' id='word_1_248' title='bbox 1713 2322 1805 2363; x_wconf 71' lang='grc' dir='ltr'><strong><em>ἐπεὶ</em></strong></span> <span class='ocrx_word' id='word_1_249' title='bbox 1837 2324 1909 2362; x_wconf 76' lang='grc' dir='ltr'><strong><em>καὶ</em></strong></span> <span class='ocrx_word' id='word_1_250' title='bbox 1940 2321 2165 2375; x_wconf 71' lang='grc' dir='ltr'><strong><em>ἐπισχέμεν</em></strong></span> <span class='ocrx_word' id='word_1_251' title='bbox 2196 2320 2330 2376; x_wconf 77' lang='grc' dir='ltr'><strong><em>ἔμπης</em></strong></span> 
     </span>
     <span class='ocr_line' id='line_1_29' title="bbox 799 2396 2108 2455; baseline -0.002 -13"><span class='ocrx_word' id='word_1_252' title='bbox 799 2399 885 2442; x_wconf 76' lang='lat'><strong>527</strong></span> <span class='ocrx_word' id='word_1_253' title='bbox 949 2398 1099 2450; x_wconf 71' lang='grc' dir='ltr'><strong><em>λώιον,</em></strong></span> <span class='ocrx_word' id='word_1_254' title='bbox 1130 2399 1156 2455; x_wconf 82' lang='grc' dir='ltr'>ἢ</span> <span class='ocrx_word' id='word_1_255' title='bbox 1185 2399 1320 2443; x_wconf 69' lang='grc' dir='ltr'><strong><em>κακὸν</em></strong></span> <span class='ocrx_word' id='word_1_256' title='bbox 1349 2401 1467 2443; x_wconf 70' lang='grc' dir='ltr'><strong><em>οἶτον</em></strong></span> <span class='ocrx_word' id='word_1_257' title='bbox 1498 2396 1881 2455; x_wconf 74' lang='grc' dir='ltr'><strong><em>ἀφειδήσαντας</em></strong></span> <span class='ocrx_word' id='word_1_258' title='bbox 1913 2399 2108 2442; x_wconf 77' lang='grc' dir='ltr'><strong><em>ἑλέσθαι.</em></strong></span> 
     </span>
     <span class='ocr_line' id='line_1_30' title="bbox 374 2476 2532 2535; baseline -0 -16"><span class='ocrx_word' id='word_1_259' title='bbox 374 2478 416 2520; x_wconf 88' lang='lat' dir='ltr'><strong>h.</strong></span> <span class='ocrx_word' id='word_1_260' title='bbox 440 2492 478 2520; x_wconf 88' lang='lat' dir='ltr'><strong>e.</strong></span> <span class='ocrx_word' id='word_1_261' title='bbox 507 2491 683 2520; x_wconf 89' lang='lat' dir='ltr'><strong>manere</strong></span> <span class='ocrx_word' id='word_1_262' title='bbox 704 2477 926 2534; x_wconf 84' lang='lat' dir='ltr'><strong>paulisper</strong></span> <span class='ocrx_word' id='word_1_263' title='bbox 946 2478 1102 2520; x_wconf 88' lang='lat' dir='ltr'><strong>melius</strong></span> <span class='ocrx_word' id='word_1_264' title='bbox 1124 2485 1191 2520; x_wconf 89' lang='lat' dir='ltr'><strong>est</strong></span> <span class='ocrx_word' id='word_1_265' title='bbox 1211 2492 1342 2535; x_wconf 90' lang='lat' dir='ltr'><strong>quam</strong></span> <span class='ocrx_word' id='word_1_266' title='bbox 1363 2477 1473 2520; x_wconf 89' lang='lat' dir='ltr'><strong>nihil</strong></span> <span class='ocrx_word' id='word_1_267' title='bbox 1495 2485 1699 2530; x_wconf 88' lang='lat' dir='ltr'><strong>moratos,</strong></span> <span class='ocrx_word' id='word_1_268' title='bbox 1733 2491 1907 2519; x_wconf 86' lang='lat' dir='ltr'><strong>securos</strong></span> <span class='ocrx_word' id='word_1_269' title='bbox 1935 2476 2093 2518; x_wconf 87' lang='lat' dir='ltr'><strong>malam</strong></span> <span class='ocrx_word' id='word_1_270' title='bbox 2121 2484 2281 2519; x_wconf 87' lang='lat' dir='ltr'><strong>sortem</strong></span> <span class='ocrx_word' id='word_1_271' title='bbox 2304 2478 2532 2519; x_wconf 86' lang='lat' dir='ltr'><strong>sustinere.</strong></span> 
     </span>
     <span class='ocr_line' id='line_1_31' title="bbox 376 2553 1112 2613; baseline -0.001 -13"><span class='ocrx_word' id='word_1_272' title='bbox 376 2554 494 2610; x_wconf 84' lang='lat' dir='ltr'><strong>Quid</strong></span> <span class='ocrx_word' id='word_1_273' title='bbox 528 2555 599 2599; x_wconf 85' lang='lat' dir='ltr'><strong>hic</strong></span> <span class='ocrx_word' id='word_1_274' title='bbox 620 2553 727 2599; x_wconf 89' lang='lat' dir='ltr'><strong>‘nou</strong></span> <span class='ocrx_word' id='word_1_275' title='bbox 760 2553 987 2613; x_wconf 83' lang='lat' dir='ltr'><strong>parcendi&#39;</strong></span> <span class='ocrx_word' id='word_1_276' title='bbox 1016 2555 1112 2600; x_wconf 79' lang='lat' dir='ltr'><strong>vis?</strong></span> 
     </span>
     <span class='ocr_line' id='line_1_32' title="bbox 592 2634 979 2692; baseline 0.005 -15"><span class='ocrx_word' id='word_1_277' title='bbox 592 2634 792 2692; x_wconf 86' lang='lat' dir='ltr'><strong>Denique</strong></span> <span class='ocrx_word' id='word_1_278' title='bbox 827 2635 865 2690; x_wconf 92' lang='lat' dir='ltr'><strong>l,</strong></span> <span class='ocrx_word' id='word_1_279' title='bbox 891 2634 979 2679; x_wconf 83' lang='lat'><strong>338</strong></span> 
     </span>
     <span class='ocr_line' id='line_1_33' title="bbox 948 2706 2199 2769; baseline -0.003 -14"><span class='ocrx_word' id='word_1_280' title='bbox 948 2709 1081 2765; x_wconf 75' lang='grc' dir='ltr'><strong><em>ἀλλά,</em></strong></span> <span class='ocrx_word' id='word_1_281' title='bbox 1113 2713 1249 2769; x_wconf 87' lang='grc' dir='ltr'><strong><em>φίλοι,</em></strong></span> <span class='ocrx_word' id='word_1_282' title='bbox 1280 2710 1409 2764; x_wconf 82' lang='grc' dir='ltr'><strong><em>ξυνὸς</em></strong></span> <span class='ocrx_word' id='word_1_283' title='bbox 1438 2710 1526 2767; x_wconf 71' lang='grc' dir='ltr'><strong>γὰρ</strong></span> <span class='ocrx_word' id='word_1_284' title='bbox 1557 2712 1601 2762; x_wconf 81' lang='grc' dir='ltr'><strong><em>ές</em></strong></span> <span class='ocrx_word' id='word_1_285' title='bbox 1625 2709 1814 2756; x_wconf 75' lang='grc' dir='ltr'><strong><em>Ἐλλάδα</em></strong></span> <span class='ocrx_word' id='word_1_286' title='bbox 1847 2709 1993 2760; x_wconf 86' lang='grc' dir='ltr'><strong><em>νόστος</em></strong></span> <span class='ocrx_word' id='word_1_287' title='bbox 2025 2706 2199 2759; x_wconf 79' lang='grc' dir='ltr'><strong><em>ὀπίσσω,</em></strong></span> 
     </span>
     <span class='ocr_line' id='line_1_34' title="bbox 951 2788 2041 2845; baseline -0.004 -12"><span class='ocrx_word' id='word_1_288' title='bbox 951 2792 1077 2842; x_wconf 76' lang='grc' dir='ltr'><strong><em>ξυναὶ</em></strong></span> <span class='ocrx_word' id='word_1_289' title='bbox 1109 2790 1150 2832; x_wconf 78' lang='grc' dir='ltr'><strong>δ’</strong></span> <span class='ocrx_word' id='word_1_290' title='bbox 1172 2789 1283 2845; x_wconf 83' lang='grc' dir='ltr'><strong><em>ἄμμι</em></strong></span> <span class='ocrx_word' id='word_1_291' title='bbox 1315 2791 1520 2833; x_wconf 77' lang='grc' dir='ltr'><strong><em>πέλονται</em></strong></span> <span class='ocrx_word' id='word_1_292' title='bbox 1550 2790 1594 2838; x_wconf 78' lang='grc' dir='ltr'><strong><em>ἐς</em></strong></span> <span class='ocrx_word' id='word_1_293' title='bbox 1626 2788 1794 2843; x_wconf 74' lang='grc' dir='ltr'><strong><em>Λίήταο</em></strong></span> <span class='ocrx_word' id='word_1_294' title='bbox 1825 2789 2041 2837; x_wconf 75' lang='grc' dir='ltr'><strong><em>κέλευθοι,</em></strong></span> 
     </span>
     <span class='ocr_line' id='line_1_35' title="bbox 951 2863 2149 2923; baseline -0.003 -13"><span class='ocrx_word' id='word_1_295' title='bbox 951 2866 1132 2912; x_wconf 68' lang='grc' dir='ltr'><strong><em>τούνεκα</em></strong></span> <span class='ocrx_word' id='word_1_296' title='bbox 1164 2869 1243 2910; x_wconf 80' lang='grc' dir='ltr'><strong>νῦν</strong></span> <span class='ocrx_word' id='word_1_297' title='bbox 1274 2868 1350 2910; x_wconf 78' lang='grc' dir='ltr'><strong><em>τόν</em></strong></span> <span class='ocrx_word' id='word_1_298' title='bbox 1381 2866 1557 2922; x_wconf 82' lang='grc' dir='ltr'><strong><em>ἄριστον</em></strong></span> <span class='ocrx_word' id='word_1_299' title='bbox 1589 2863 1965 2923; x_wconf 77' lang='grc' dir='ltr'><strong><em>ἀφειδήσαντες</em></strong></span> <span class='ocrx_word' id='word_1_300' title='bbox 1996 2866 2149 2907; x_wconf 79' lang='grc' dir='ltr'><strong><em>ἕλεσθε</em></strong></span> 
     </span>
     <span class='ocr_line' id='line_1_36' title="bbox 952 2942 2008 3004; baseline -0.004 -13"><span class='ocrx_word' id='word_1_301' title='bbox 952 2963 1146 3003; x_wconf 81' lang='grc' dir='ltr'><strong><em>ορχαμον</em></strong></span> <span class='ocrx_word' id='word_1_302' title='bbox 1175 2944 1350 3002; x_wconf 76' lang='grc' dir='ltr'><strong><em>ἡμείων,</em></strong></span> <span class='ocrx_word' id='word_1_303' title='bbox 1381 2942 1419 3004; x_wconf 79' lang='grc' dir='ltr'><em>ᾦ</em></span> <span class='ocrx_word' id='word_1_304' title='bbox 1448 2962 1521 2990; x_wconf 76' lang='grc' dir='ltr'><strong>κεν</strong></span> <span class='ocrx_word' id='word_1_305' title='bbox 1552 2945 1606 2989; x_wconf 84' lang='grc' dir='ltr'><strong>τὰ</strong></span> <span class='ocrx_word' id='word_1_306' title='bbox 1636 2948 1793 2989; x_wconf 75' lang='grc' dir='ltr'><strong><em>ἕκαστα</em></strong></span> <span class='ocrx_word' id='word_1_307' title='bbox 1822 2945 2008 3000; x_wconf 81' lang='grc' dir='ltr'><strong><em>μέλοιτο,</em></strong></span> 
     </span>
     <span class='ocr_line' id='line_1_37' title="bbox 375 3020 2536 3084; baseline -0.002 -16"><span class='ocrx_word' id='word_1_308' title='bbox 375 3025 420 3068; x_wconf 92' lang='lat' dir='ltr'><strong>in</strong></span> <span class='ocrx_word' id='word_1_309' title='bbox 443 3025 602 3084; x_wconf 91' lang='lat' dir='ltr'><strong>quibus</strong></span> <span class='ocrx_word' id='word_1_310' title='bbox 623 3024 851 3070; x_wconf 87' lang='lat' dir='ltr'><strong>Bonitzius</strong></span> <span class='ocrx_word' id='word_1_311' title='bbox 872 3025 1053 3084; x_wconf 86' lang='lat' dir='ltr'><strong>putabat</strong></span> <span class='ocrx_word' id='word_1_312' title='bbox 1073 3023 1297 3068; x_wconf 90' lang='lat' dir='ltr'><strong>notionem</strong></span> <span class='ocrx_word' id='word_1_313' title='bbox 1320 3022 1427 3068; x_wconf 87' lang='lat' dir='ltr'><strong>‘non</strong></span> <span class='ocrx_word' id='word_1_314' title='bbox 1459 3020 1681 3083; x_wconf 88' lang='lat' dir='ltr'><strong>parcendi&#39;</strong></span> <span class='ocrx_word' id='word_1_315' title='bbox 1717 3023 1935 3066; x_wconf 90' lang='lat' dir='ltr'><strong>neminem</strong></span> <span class='ocrx_word' id='word_1_316' title='bbox 1967 3035 2096 3081; x_wconf 90' lang='lat' dir='ltr'><strong>posse</strong></span> <span class='ocrx_word' id='word_1_317' title='bbox 2126 3020 2290 3079; x_wconf 85' lang='lat' dir='ltr'><strong>fugere,</strong></span> <span class='ocrx_word' id='word_1_318' title='bbox 2324 3035 2404 3065; x_wconf 88' lang='lat' dir='ltr'><strong>nos</strong></span> <span class='ocrx_word' id='word_1_319' title='bbox 2437 3035 2536 3064; x_wconf 87' lang='lat' dir='ltr'><strong>ean-</strong></span> 
     </span>
     <span class='ocr_line' id='line_1_38' title="bbox 375 3098 2535 3161; baseline -0.003 -12"><span class='ocrx_word' id='word_1_320' title='bbox 375 3104 476 3148; x_wconf 87' lang='lat' dir='ltr'><strong>dem</strong></span> <span class='ocrx_word' id='word_1_321' title='bbox 507 3103 873 3161; x_wconf 84' lang='lat' dir='ltr'><strong>significationem</strong></span> <span class='ocrx_word' id='word_1_322' title='bbox 905 3103 1148 3158; x_wconf 89' lang='lat' dir='ltr'><strong>statuimus,</strong></span> <span class='ocrx_word' id='word_1_323' title='bbox 1182 3117 1292 3161; x_wconf 87' lang='lat' dir='ltr'><strong>quae</strong></span> <span class='ocrx_word' id='word_1_324' title='bbox 1323 3109 1392 3147; x_wconf 88' lang='lat' dir='ltr'><strong>est</strong></span> <span class='ocrx_word' id='word_1_325' title='bbox 1421 3103 1468 3146; x_wconf 92' lang='lat' dir='ltr'><strong>in</strong></span> <span class='ocrx_word' id='word_1_326' title='bbox 1500 3101 1795 3160; x_wconf 88' lang='lat' dir='ltr'><strong>superioribus</strong></span> <span class='ocrx_word' id='word_1_327' title='bbox 1828 3100 1996 3144; x_wconf 90' lang='lat' dir='ltr'><strong>duobus</strong></span> <span class='ocrx_word' id='word_1_328' title='bbox 2029 3098 2253 3157; x_wconf 86' lang='lat' dir='ltr'><strong>exemplis.</strong></span> <span class='ocrx_word' id='word_1_329' title='bbox 2318 3098 2398 3143; x_wconf 87' lang='lat' dir='ltr'><strong>Est</strong></span> <span class='ocrx_word' id='word_1_330' title='bbox 2419 3100 2535 3144; x_wconf 91' lang='lat' dir='ltr'><strong>enim</strong></span> 
     </span>
     <span class='ocr_line' id='line_1_39' title="bbox 375 3179 2539 3239; baseline -0.003 -13"><span class='ocrx_word' id='word_1_331' title='bbox 375 3181 532 3226; x_wconf 87' lang='lat' dir='ltr'><strong>horum</strong></span> <span class='ocrx_word' id='word_1_332' title='bbox 552 3181 685 3226; x_wconf 89' lang='lat' dir='ltr'><strong>trium</strong></span> <span class='ocrx_word' id='word_1_333' title='bbox 713 3197 915 3226; x_wconf 85' lang='lat' dir='ltr'><strong>versuum</strong></span> <span class='ocrx_word' id='word_1_334' title='bbox 946 3182 1055 3224; x_wconf 84' lang='lat' dir='ltr'><strong>ratio</strong></span> <span class='ocrx_word' id='word_1_335' title='bbox 1088 3181 1217 3239; x_wconf 90' lang='lat' dir='ltr'><strong>plane</strong></span> <span class='ocrx_word' id='word_1_336' title='bbox 1248 3194 1328 3238; x_wconf 88' lang='lat' dir='ltr'><strong>par</strong></span> <span class='ocrx_word' id='word_1_337' title='bbox 1358 3186 1402 3223; x_wconf 92' lang='lat' dir='ltr'><strong>et</strong></span> <span class='ocrx_word' id='word_1_338' title='bbox 1432 3194 1484 3222; x_wconf 91' lang='lat' dir='ltr'><strong>ea</strong></span> <span class='ocrx_word' id='word_1_339' title='bbox 1515 3179 1705 3238; x_wconf 88' lang='lat' dir='ltr'><strong>quidem,</strong></span> <span class='ocrx_word' id='word_1_340' title='bbox 1738 3193 1847 3237; x_wconf 87' lang='lat' dir='ltr'><strong>quae</strong></span> <span class='ocrx_word' id='word_1_341' title='bbox 1879 3179 2101 3220; x_wconf 89' lang='lat' dir='ltr'><strong>notionem</strong></span> <span class='ocrx_word' id='word_1_342' title='bbox 2132 3184 2284 3235; x_wconf 89' lang='lat' dir='ltr'><strong>poscat</strong></span> <span class='ocrx_word' id='word_1_343' title='bbox 2311 3184 2539 3235; x_wconf 86' lang='lat' dir='ltr'><strong>promptae</strong></span> 
     </span>
     <span class='ocr_line' id='line_1_40' title="bbox 375 3255 2534 3319; baseline -0.002 -13"><span class='ocrx_word' id='word_1_344' title='bbox 375 3260 584 3306; x_wconf 82' lang='lat' dir='ltr'><strong>audaciae</strong></span> <span class='ocrx_word' id='word_1_345' title='bbox 605 3276 716 3319; x_wconf 87' lang='lat' dir='ltr'><strong>quae</strong></span> <span class='ocrx_word' id='word_1_346' title='bbox 737 3276 824 3305; x_wconf 91' lang='lat' dir='ltr'><strong>non</strong></span> <span class='ocrx_word' id='word_1_347' title='bbox 846 3262 977 3305; x_wconf 88' lang='lat' dir='ltr'><strong>anxie</strong></span> <span class='ocrx_word' id='word_1_348' title='bbox 998 3260 1311 3316; x_wconf 85' lang='lat' dir='ltr'><strong>tergiversatur</strong></span> <span class='ocrx_word' id='word_1_349' title='bbox 1342 3259 1420 3303; x_wconf 88' lang='lat' dir='ltr'><strong>sed</strong></span> <span class='ocrx_word' id='word_1_350' title='bbox 1452 3272 1606 3302; x_wconf 88' lang='lat' dir='ltr'><strong>secura</strong></span> <span class='ocrx_word' id='word_1_351' title='bbox 1634 3257 1741 3301; x_wconf 88' lang='lat' dir='ltr'><strong>facit</strong></span> <span class='ocrx_word' id='word_1_352' title='bbox 1770 3256 1885 3315; x_wconf 90' lang='lat' dir='ltr'><strong>quod</strong></span> <span class='ocrx_word' id='word_1_353' title='bbox 1917 3255 2165 3300; x_wconf 81' lang='lat' dir='ltr'><strong>faciendum</strong></span> <span class='ocrx_word' id='word_1_354' title='bbox 2197 3271 2294 3300; x_wconf 91' lang='lat' dir='ltr'><strong>esse</strong></span> <span class='ocrx_word' id='word_1_355' title='bbox 2315 3256 2534 3313; x_wconf 85' lang='lat' dir='ltr'><strong>intelligit.</strong></span> 
     </span>
    </p>
   </div>
   <div class='ocr_carea' id='block_1_3' title="bbox 375 3332 2538 3453">
    <p class='ocr_par' dir='ltr' id='par_1_3' title="bbox 375 3332 2538 3453">
     <span class='ocr_line' id='line_1_41' title="bbox 375 3332 2538 3399; baseline -0.002 -15"><span class='ocrx_word' id='word_1_356' title='bbox 375 3339 520 3385; x_wconf 83' lang='lat' dir='ltr'><strong>Multa</strong></span> <span class='ocrx_word' id='word_1_357' title='bbox 545 3341 761 3399; x_wconf 88' lang='lat' dir='ltr'><strong>ponimus,</strong></span> <span class='ocrx_word' id='word_1_358' title='bbox 797 3355 878 3385; x_wconf 91' lang='lat' dir='ltr'><strong>nec</strong></span> <span class='ocrx_word' id='word_1_359' title='bbox 904 3340 1033 3384; x_wconf 91' lang='lat' dir='ltr'><strong>nobis</strong></span> <span class='ocrx_word' id='word_1_360' title='bbox 1060 3338 1366 3394; x_wconf 82' lang='lat' dir='ltr'><strong>satisfacimus,</strong></span> <span class='ocrx_word' id='word_1_361' title='bbox 1400 3345 1448 3381; x_wconf 93' lang='lat' dir='ltr'><strong>ut</strong></span> <span class='ocrx_word' id='word_1_362' title='bbox 1473 3338 1718 3395; x_wconf 86' lang='lat' dir='ltr'><strong>aperiamus</strong></span> <span class='ocrx_word' id='word_1_363' title='bbox 1741 3351 1871 3394; x_wconf 89' lang='lat' dir='ltr'><strong>quam</strong></span> <span class='ocrx_word' id='word_1_364' title='bbox 1893 3350 1988 3379; x_wconf 91' lang='lat' dir='ltr'><strong>esse</strong></span> <span class='ocrx_word' id='word_1_365' title='bbox 2011 3335 2100 3378; x_wconf 89' lang='lat' dir='ltr'><strong>vim</strong></span> <span class='ocrx_word' id='word_1_366' title='bbox 2122 3337 2198 3379; x_wconf 84' lang='grc' dir='ltr'><strong>τοῦ</strong></span> <span class='ocrx_word' id='word_1_367' title='bbox 2217 3332 2538 3393; x_wconf 82' lang='grc' dir='ltr'><strong><em>ἀφειδήσαντος</em></strong></span> 
     </span>
     <span class='ocr_line' id='line_1_42' title="bbox 1622 3410 2248 3453; baseline -0.003 -37"><span class='ocrx_word' id='word_1_368' title='bbox 1622 3410 1627 3416; x_wconf 85' lang='grc'>.</span> <span class='ocrx_word' id='word_1_369' title='bbox 2200 3415 2248 3453; x_wconf 51' lang='grc'><strong>3.</strong></span> 
     </span>
    </p>
   </div>
  </div>
 </body>
</html>
