3009 3773
1527 208 1558 253 4

453 335 544 369 tum
567 328 739 371 illatum
762 343 859 371 esse
882 336 1093 371 censeret.
1132 328 1333 386 Apparet
1354 329 1459 386 quid
1482 345 1579 372 eum
1603 330 1807 373 moverit:
1831 331 2110 388 participium
2128 330 2509 387 circumspiciebat
2525 345 2624 373 cum

452 405 568 450 κάτω
601 406 719 464 quod
750 414 867 450 recte
901 407 1107 464 coniungi
1139 416 1301 465 posset.
1344 407 1397 451 In
1419 423 1507 466 qua
1537 424 1583 452 re
1616 424 1879 467 quamquam
1910 424 1998 453 non
2031 424 2194 467 paucos
2226 408 2312 453 sibi
2334 409 2623 453 assentientes

453 485 625 541 habuit,
666 492 812 529 tamen
846 501 873 528 a
904 485 1151 543 corrigendi
1192 493 1351 529 conatu
1389 502 1594 530 revocare
1633 486 1822 531 debebat
1859 495 2045 545 cognata
2076 488 2215 531 oratio
2247 502 2334 546 qua
2365 485 2545 531 Orestes
2577 487 2624 530 in

453 567 712 622 cognomine
743 566 895 609 fabula
925 565 1177 610 Menelaum
1209 567 1401 624 appellat
1432 564 1492 622 (V.
1516 565 1624 622 674)

1034 644 1070 689 ὦ
1101 645 1265 704 πατρὸς
1298 646 1458 703 ὅμαιμε
1489 651 1604 699 θεῖε,
1635 646 1711 691 τὸν
1742 648 1851 691 κατὰ
1883 646 2048 703 χθονὸς

1033 725 1217 769 θανόντ’
1239 723 1414 769 ἆκοιῖειν
1445 725 1549 770 τάδε
1582 727 1711 770 δόκει.

454 802 652 858 Quorum
691 804 930 848 similitudo
971 805 1204 849 verborum
1237 806 1280 849 in
1315 812 1464 864 aperto
1502 813 1570 850 est
1601 820 1682 850 nec
1712 805 1825 864 fugit
1856 805 1980 851 alios.
2028 805 2193 850 Verum
2237 813 2378 850 tamen
2420 806 2626 864 ambigua

454 891 522 928 est
555 891 738 942 utroque
771 884 868 929 loco
896 885 1106 930 orationis
1135 885 1288 942 forma,
1322 902 1432 945 quae
1456 887 1540 931 nisi
1564 886 1834 944 probabilem
1858 886 1903 930 in
1927 885 2105 931 modum
2127 885 2394 944 expedietur,
2429 886 2626 931 haerebit

454 962 591 1007 semel
623 969 742 1008 mota
770 960 828 1007 'de
852 960 1083 1022 Sophoclei
1108 978 1260 1009 versus
1284 964 1534 1022 integritate
1558 963 1787 1009 dubitatio.
1836 964 1950 1009 Nam
1972 963 2017 1008 id
2040 963 2214 1024 quidem
2240 963 2486 1010 Meinekius
2508 972 2624 1010 recte

452 1041 684 1097 intellexit,
718 1041 834 1086 κάτω
866 1043 910 1086 in
934 1042 1137 1087 Electrae
1159 1058 1288 1088 versu
1320 1043 1549 1088 traiectum
1579 1058 1666 1088 non
1690 1058 1799 1100 esse,
1835 1043 1959 1102 quasi
1984 1043 2128 1087 dicere
2152 1042 2434 1088 vellet‘infra
2455 1059 2481 1088 a
2502 1051 2625 1104 patre

452 1128 624 1166 mortuo
656 1123 834 1179 pietatis
865 1123 1041 1167 laudem
1073 1121 1221 1178 feres'‚
1257 1139 1398 1181 neque
1431 1140 1529 1168 cum
1563 1123 1783 1175 θανόντος
1804 1124 2011 1180 coniungi
2034 1139 2162 1182 posse
2185 1130 2231 1168 ut
2252 1123 2626 1183 diceretur‘pater

454 1203 529 1260 qui
568 1202 682 1260 apud
722 1202 886 1246 inferos
924 1209 1120 1246 mortuus
1160 1201 1249 1248 est.²
1305 1201 1391 1247 Sed
1426 1204 1527 1247 dum
1567 1212 1770 1262 properat
1807 1204 1861 1247 ad
1899 1203 2219 1247 emendandum
2257 1219 2345 1247 non
2380 1204 2491 1247 vidit
2528 1220 2625 1248 esse

454 1280 628 1324 tertiam
661 1279 909 1338 explicandi
942 1281 1169 1337 rationem,
1205 1297 1335 1339 quam
1370 1298 1421 1325 eo
1454 1281 1793 1340 probabiliorem
1826 1281 2038 1337 ducimus,
2072 1281 2176 1340 quia
2206 1281 2369 1340 pariter
2401 1282 2625 1341 utriusque

454 1366 608 1416 poetae
643 1360 842 1402 versibus
875 1360 1086 1417 applicari
1119 1368 1276 1418 potest.
1324 1361 1438 1404 Nam
1472 1363 1509 1404 si
1541 1360 1673 1412 κάτω,
1705 1361 1821 1418 quod
1854 1377 1880 1404 a
1912 1360 2073 1416 πατρὸς
2103 1361 2279 1404 nomine
2312 1362 2504 1418 separari
2537 1377 2624 1405 non

453 1445 610 1495 potest,
646 1454 745 1482 cum
777 1440 1010 1496 participio
1044 1439 1263 1490 θανόντος
1296 1457 1381 1484 non
1406 1442 1467 1484 ita
1490 1427 1696 1484 coalescit
1716 1441 1761 1483 in
1785 1457 1918 1483 unum
1942 1448 1989 1483 ut
2011 1441 2068 1484 sit
2089 1439 2112 1484 ὁ
2134 1439 2249 1483 κάτω
2271 1440 2447 1491 θανών,
2479 1448 2624 1485 tamen

454 1518 563 1561 nihil
596 1517 813 1576 prohibet,
848 1518 1080 1575 quominus
1113 1518 1222 1562 haec
1255 1519 1339 1562 duo
1372 1535 1459 1562 non
1494 1520 1726 1562 coniuncta
1758 1519 1834 1563 sed
1867 1519 1914 1562 ἐκ
1946 1517 2228 1575 παραλλήλου
2260 1520 2502 1577 composita
2523 1520 2624 1575 sint,

454 1604 502 1641 ut
533 1597 670 1641 altero
704 1596 829 1641 alteri
868 1604 1040 1655 praeter
1071 1599 1379 1643 necessitatem
1413 1614 1544 1657 super
1576 1598 1726 1642 addito
1758 1597 1986 1643 rotundior
2017 1598 2157 1642 exiret
2188 1613 2239 1642 ac
2270 1598 2441 1656 plenior
2472 1599 2622 1643 oratio.

455 1674 591 1730 Quae
613 1674 893 1719 necessitudo
925 1675 1040 1720 inter
1073 1675 1171 1732 duo,
1206 1677 1287 1719 etsi
1322 1675 1501 1720 difficile
1534 1677 1794 1734 exprimitur
1826 1676 1984 1731 verbis,
2019 1691 2107 1719 non
2139 1675 2286 1733 inepte
2317 1675 2501 1721 fortasse
2529 1676 2626 1721 red·

455 1754 580 1798 detur
612 1755 675 1797 ita
707 1761 755 1797 ut
786 1754 1059 1811 intelligatur
1083 1754 1134 1798 ‘a
1165 1761 1286 1812 patre
1319 1754 1435 1812 apud
1458 1755 1620 1799 inferos
1643 1754 1803 1813 quippe
1826 1750 2020 1798 mortuo.'
2069 1753 2325 1812 Eodemque
2348 1770 2480 1798 sensu
2501 1754 2625 1799 Euri-

455 1831 580 1890 pides
614 1831 669 1874 ad
703 1830 777 1875 τὸν
808 1830 920 1875 κατὰ
951 1830 1141 1886 χθονός,
1180 1847 1290 1890 quae
1322 1832 1453 1889 plena
1485 1839 1552 1876 est
1583 1832 1720 1876 oratio
1759 1846 1957 1889 quaeque
1996 1831 2106 1874 nihil
2139 1831 2224 1875 sibi
2256 1831 2359 1875 addi
2392 1831 2624 1889 desiderat,

455 1912 594 1956 libero
633 1910 764 1955 modo
802 1909 1004 1956 θανόντα
1043 1910 1257 1955 adiecisse
1296 1911 1538 1956 credendus
1578 1918 1657 1956 est.
1713 1909 1800 1956 Sed
1833 1911 1941 1955 haec
1979 1911 2180 1970 quamvis
2211 1926 2289 1970 per
2320 1926 2367 1955 se
2399 1912 2488 1956 sint
2519 1912 2626 1956 satis

455 1990 715 2048 probabilia,
749 1997 896 2034 tamen
929 2005 1129 2034 veremur
1158 2006 1212 2034 ne
1240 2006 1329 2034 non
1361 1990 1509 2035 multis
1541 1991 1765 2049 probaturi
1799 1991 1949 2046 simus,
1983 1989 2069 2034 nisi
2099 1990 2331 2048 contigerit
2351 2005 2402 2034 ea
2426 1997 2473 2034 ut
2494 1991 2625 2034 simili

457 2069 658 2126 exemplo
692 2066 938 2126 Sophocleo
972 2069 1364 2113 corroboraremus.
1414 2067 1527 2112 Sunt
1558 2069 1692 2112 verba
1722 2068 1993 2112 Philoctetae
2024 2065 2085 2124 (v.
2112 2064 2248 2124 1348)

1038 2145 1073 2191 ὦ
1105 2146 1281 2201 στυγνὸς
1313 2147 1438 2199 alaine,
1471 2150 1509 2191 τί
1539 2165 1608 2204 με,
1640 2151 1680 2191 τί
1710 2147 1797 2204 δῆτ’
1819 2147 1927 2202 ἔχεις
1958 2145 2051 2190 ἄνω

1039 2226 1257 2280 βλέποντα
1288 2222 1392 2269 κοῦκ
1424 2223 1598 2283 ἆφῆκας
1630 2227 1691 2276 εἰς
1711 2225 1861 2269 ’Ἅιδου
1892 2226 2062 2281 pomae,-

457 2304 618 2360 quibus
641 2303 789 2346 verbis
812 2303 1012 2346 videmus
1046 2302 1137 2346 ἄνω
1168 2303 1386 2357 βλέποντα
1418 2304 1461 2346 in
1496 2304 1761 2346 contrariam
1794 2309 1961 2360 partem
1990 2317 2079 2345 non
2100 2303 2228 2346 aliter
2249 2302 2335 2345 dici
2359 2317 2488 2359 quam
2511 2302 2628 2346 κάτω

457 2381 678 2432 θανόντος
710 2382 755 2425 in
778 2380 968 2437 Electra,
1003 2396 1090 2424 non
1123 2388 1170 2424 ut
1203 2380 1294 2424 ἄνω
1321 2383 1496 2437 βλέπων
1528 2381 1810 2438 intelligatur,
1845 2395 1932 2424 non
1955 2381 2095 2437 magis
2118 2395 2248 2438 quam
2272 2379 2295 2423 ὅ
2317 2379 2431 2424 κάτω
2455 2380 2626 2437 θανοίν,

458 2462 536 2506 sed
569 2461 801 2519 utrobique
834 2461 1021 2504 alterum
1054 2460 1192 2516 alteri,
1228 2461 1463 2505 adiuvante
1496 2462 1628 2504 etiam
1663 2476 1814 2505 versus
1837 2460 2193 2515 conformatione,
2227 2460 2406 2505 liberius
2439 2461 2627 2516 adnecti,

459 2547 505 2584 ut
538 2540 707 2583 duobus
742 2540 978 2598 separatim
1011 2540 1166 2597 positis
1195 2540 1462 2597 exprimatur
1483 2540 1599 2598 quod
1623 2540 1759 2583 altero
1782 2546 1879 2582 utro
1901 2539 2008 2582 satis
2031 2539 2268 2595 significari
2291 2546 2478 2596 poterat:
2507 2538 2626 2599 ‘quid

458 2634 526 2663 me
559 2615 753 2674 retines',
788 2618 933 2676 inquit
953 2617 1210 2671 Philocteta,
1239 2616 1371 2676 ‘apud
1404 2632 1584 2676 superos
1620 2626 1666 2660 ut
1698 2618 1845 2661 vivum
1878 2624 1922 2660 et
1948 2614 2194 2660 videntem?
2243 2614 2373 2671 Quod
2396 2632 2499 2661 vero
2521 2618 2628 2661 Mei·

458 2699 614 2743 nekius
647 2699 693 2741 in
727 2713 855 2742 versu
893 2697 1096 2741 Electrae
1129 2705 1204 2740 aut
1234 2697 1349 2740 κάτω
1382 2705 1456 2741 aut
1487 2697 1707 2748 θανόντος
1732 2697 1940 2741 ‘moleste
1977 2694 2214 2741 abundare'
2248 2698 2419 2753 scribit,
2459 2713 2511 2741 ea
2540 2713 2628 2742 non

458 2778 597 2820 maior
630 2783 697 2819 est
728 2776 1002 2819 abundantia
1033 2790 1164 2832 quam
1197 2790 1282 2832 qua
1303 2775 1574 2818 Philoctetae
1607 2777 1746 2819 oratio
1768 2776 1951 2831 laborat,
1986 2777 2033 2819 in
2055 2790 2142 2833 qua
2162 2777 2379 2830 βλέποντα
2400 2783 2490 2818 tam
2513 2785 2629 2818 recte

458 2858 613 2901 abesse
636 2862 807 2913 poterat
828 2870 959 2913 quam
983 2853 1204 2904 θανόντος
1225 2855 1269 2897 in
1293 2854 1429 2898 altero
1452 2870 1600 2911 versu3
1631 2854 1709 2898 sed
1731 2855 1805 2913 qui
1826 2854 1966 2899 libero
1989 2854 2148 2910 animo,
2174 2869 2259 2898 non
2284 2854 2628 2898 coniecturarum

458 2934 643 2978 libidine
676 2940 878 2991 corrupto
915 2933 993 2976 has
1026 2932 1275 2988 tragoedias
1308 2933 1555 2989 perlustrat,
1590 2948 1689 2976 eum
1716 2948 1803 2976 non
1827 2939 1971 2990 potest
1998 2932 2246 2990 praeterire,
2281 2940 2432 2990 poetas
2464 2948 2552 2976 non
2584 2932 2629 2976 id

459 3029 587 3071 agere
621 3019 668 3057 ut
699 3028 830 3071 quam
863 3011 1120 3070 parcissime
1153 3026 1308 3055 sensus
1340 3018 1542 3069 promant
1563 3010 1640 3056 sed
1664 3017 1893 3056 venustam
1916 3009 2134 3070 quandam
2157 3010 2400 3054 ubertatem
2422 3010 2630 3069 loquendi

460 3094 631 3149 sectari,
667 3108 778 3151 quae
811 3099 858 3136 ut
889 3108 960 3136 res
994 3098 1037 3136 et
1069 3107 1278 3149 personas
1312 3090 1464 3135 deceat
1493 3092 1557 3135 ita
1588 3091 1832 3136 auditorum
1866 3107 1992 3135 aures
2026 3090 2142 3135 dulci
2171 3106 2327 3135 sonore
2349 3090 2629 3149 permulceat.

678 3173 718 3217 2.
769 3172 819 3215 In
854 3171 1006 3216 eadem
1040 3186 1238 3215 sororum
1268 3171 1604 3226 concertatione,
1639 3172 1685 3215 in
1708 3187 1760 3215 ea
1782 3177 1904 3229 parte
1926 3186 2014 3229 qua
2035 3168 2372 3228 Chrysothemis
2395 3169 2450 3214 ab
2473 3170 2629 3214 audaci

460 3254 634 3311 incepto
667 3250 890 3295 Electram
924 3250 1146 3295 dehortari
1180 3250 1245 3293 sic
1278 3257 1326 3293 ut
1356 3256 1501 3308 potest
1533 3257 1725 3307 conatur,
1759 3249 1863 3294 inde
1896 3242 1993 3293 a'v.
2021 3248 2137 3294 1003
2172 3248 2277 3293 haec
2309 3248 2524 3307 leguntur.

1041 3330 1123 3387 ὅρα
1157 3331 1299 3382 κακῶς
1330 3327 1573 3386 πράσσοντε
1602 3329 1660 3387 μὴ
1691 3330 1820 3387 μείζω
1851 3327 1964 3372 κακὰ

1041 3408 1298 3468 κτησώμεθ’,
1331 3412 1374 3453 εἴ
1401 3425 1463 3460 τις
1494 3408 1637 3454 τούσδ’
1661 3406 1891 3453 ἀκούσεται
1921 3407 2090 3463 λόγους.
