3009 3773
791 928 1421 992 VNIVERSITA'I'IS
1474 924 2052 992 LITTERARIAE

995 1118 1400 1169 FRIDERIOAE
1445 1118 1836 1169 GVILELMAE

631 1300 1223 1390 RECTOR
1274 1302 1448 1388 ΕΤ
1519 1296 2199 1390 SENATVS.

337 1567 1218 1675 [le—EQ
1243 1610 1288 1652 in
1321 1610 1664 1653 controversiam
1696 1610 1861 1652 vocatis
1900 1624 2079 1666 agemus
2110 1609 2173 1652 ita
2202 1609 2494 1667 potissimum,

340 1694 385 1732 ut
415 1697 490 1732 aut
519 1688 658 1746 ipsius
692 1694 844 1746 poetae
876 1702 980 1730 usus
1019 1686 1193 1730 dicendi
1224 1687 1376 1731 sedulo
1414 1687 1671 1731 observatus
1710 1696 1785 1730 aut
1822 1687 2006 1731 aliorum
2045 1688 2325 1745 scriptorum,
2364 1687 2496 1730 etiam

337 1766 511 1824 longius
555 1774 837 1823 remotorum,
886 1766 1050 1810 ascitae
1088 1765 1398 1810 similitudines
1436 1766 1480 1809 in
1524 1765 1605 1809 hac
1645 1766 1959 1824 interpretandi
2002 1781 2134 1825 opera
2179 1765 2284 1825 quid
2323 1765 2498 1809 valeant

338 1845 550 1903 exemplis
583 1844 846 1904 quibusdam
879 1844 1161 1889 declaremus.
1205 1844 1317 1888 Nam
1340 1845 1614 1902 interpretes,
1647 1860 1730 1889 nec
1760 1845 1900 1889 solum
1923 1842 2169 1902 Sophoclei,
2202 1845 2334 1889 nimis
2366 1859 2496 1902 saepe

337 1925 399 1968 ita
429 1925 574 1969 officio
607 1940 686 1969 suo
718 1923 968 1969 satisfacere
1000 1923 1247 1980 instituunt,
1287 1930 1335 1967 ut
1365 1924 1476 1967 nihil
1508 1924 1732 1982 scriptoris
1764 1925 1831 1968 sui
1863 1939 2028 1968 morem
2067 1923 2295 1982 persecuti,
2334 1922 2494 1967 nedum

334 2004 519 2048 aliorum
561 2003 729 2048 ratione
770 2010 1036 2060 comparata,
1086 2002 1234 2046 omnia
1270 2018 1325 2046 ex
1363 2003 1508 2046 verbis
1547 2003 1676 2060 ipsis,
1727 2003 1781 2046 de
1818 2004 1977 2060 quibus
2018 2003 2307 2046 cummaxime
2345 2010 2492 2057 agunt,

335 2088 481 2139 petere
519 2096 648 2139 posse
687 2082 771 2125 sibi
812 2080 1052 2125 videantur.
1129 2077 1243 2124 Sunt
1278 2080 1409 2124 etiam
1448 2081 1521 2139 qui
1560 2080 1642 2124 hoc
1680 2097 1817 2138 genus
1855 2097 2002 2136 omne,
2044 2081 2159 2139 quod
2197 2081 2493 2139 exemplorum

338 2175 417 2203 usu
450 2161 638 2203 maxime
671 2159 929 2215 continetur,
962 2167 1182 2216 tamquam
1214 2159 1368 2202 inutile
1400 2168 1688 2216 aspernantur
1719 2166 1763 2203 et
1783 2159 1971 2203 ludibrio
1994 2159 2168 2215 habent,
2203 2160 2287 2203 sibi
2309 2159 2493 2202 fidentes

336 2245 380 2282 et
410 2237 464 2282 ad
498 2238 564 2282 sui
597 2238 762 2296 ingenii
796 2237 971 2281 modum
1008 2238 1054 2281 in
1087 2246 1282 2281 veterum
1321 2238 1517 2281 oratione
1555 2238 1659 2296 quid
1693 2247 1808 2282 recte
1841 2238 1944 2295 quid
1985 2254 2116 2296 prave
2149 2238 2308 2281 elatum
2342 2237 2492 2281 haberi

335 2315 492 2360 debeat
529 2316 797 2360 dirimentes.
861 2318 902 2360 A
935 2316 1094 2374 quibus
1131 2331 1211 2360 nos
1248 2316 1311 2360 ita
1348 2316 1631 2360 dissentimus
1669 2324 1728 2372 ut,
1768 2332 2033 2375 quamquam
2070 2317 2174 2361 olim
2206 2331 2335 2374 saepe
2367 2316 2492 2360 multi

335 2402 436 2452 apta
467 2395 616 2452 inepta
647 2394 771 2438 utilia
803 2394 975 2438 inutilia
1007 2409 1157 2452 parum
1191 2395 1371 2439 subacto
1403 2394 1565 2438 iudicio
1597 2409 1828 2452 congerere
1860 2396 2072 2452 solebant,
2112 2404 2257 2439 tamen
2283 2403 2401 2439 recte
2428 2395 2492 2439 in·

335 2474 488 2517 stituta
518 2473 814 2532 exemplorum
848 2472 1081 2518 selectione
1112 2474 1187 2518 vix
1220 2489 1317 2519 esse
1348 2473 1568 2518 efficacius
1600 2481 1900 2531 argumentum
1926 2483 2126 2533 putemus
2157 2490 2243 2533 quo
2275 2482 2351 2519 aut
2381 2490 2493 2533 quae

334 2552 434 2596 libri
467 2559 618 2596 tenent
649 2567 747 2596 cum
779 2551 1091 2596 addubitantur
1121 2553 1188 2596 sui
1221 2553 1438 2597 similibus
1467 2553 1696 2597 confirmes
1717 2561 1793 2597 aut
1813 2554 2058 2598 criticorum
2081 2553 2311 2599 fastidiosa
2331 2554 2493 2599 iudicia

334 2630 531 2674 confutes
568 2646 666 2675 cum
698 2645 809 2688 quae
840 2639 1003 2688 negant
1033 2631 1128 2674 fieri
1160 2646 1289 2689 posse
1321 2646 1450 2689 saepe
1482 2632 1526 2674 in
1561 2631 1770 2689 proximis
1800 2632 1964 2675 intacta
1996 2632 2081 2689 legi
2113 2633 2343 2677 ostendere
2374 2634 2491 2678 licet.

333 2708 572 2767 Incipimus
604 2716 748 2752 autem
781 2724 807 2752 a
836 2709 1142 2752 minutissimis
1173 2710 1433 2767 quibusdam
1467 2710 1809 2768 quaestionibus.

552 2788 592 2830 1.
640 2785 766 2842 Quae
801 2786 978 2831 Electra
1020 2787 1127 2831 dicit
1166 2788 1210 2831 in
1255 2802 1307 2831 ea
1349 2786 1467 2845 ῥήσει
1503 2802 1590 2845 qua
1627 2785 1967 2845 Chrysothemin
2008 2805 2200 2834 sororem
2237 2805 2492 2849 permovere

333 2865 481 2910 studet
511 2865 668 2911 Oreste
700 2866 859 2910 misera
889 2874 1028 2909 morte
1067 2866 1298 2923 absumpto
1332 2873 1379 2909 ut
1409 2881 1555 2910 secum
1594 2867 1855 2923 Aegisthum
1894 2881 2194 2925 percussorem
2226 2869 2363 2926 patris
2395 2868 2491 2913 neci

334 2943 437 2988 dare
469 2959 524 2988 ne
555 2944 811 2989 extimescat
842 2943 901 2998 (v.
923 2940 1034 3000 967)

514 3015 518 3018 ’
907 3019 1005 3067 ἀλλ’
1026 3023 1079 3081 ἣν
1108 3023 1266 3084 ἐπίσπῃ
1296 3031 1383 3075 τοῖς
1413 3023 1532 3080 ἐμοῖς
1561 3021 1866 3081 βουλεύμασιν,

909 3103 1081 3158 πρῶτον
1109 3102 1190 3159 μὲν
1220 3086 1441 3158 εὗσέβειαν
1471 3103 1518 3146 ἐκ
1547 3102 1709 3159 πατρὸς
1739 3102 1854 3147 κάτω

906 3179 1126 3231 θανόντος
1157 3183 1263 3224 οἴσει
1294 3182 1370 3225 τοῦ
1398 3179 1654 3238 κασιγνήτου
1683 3183 1734 3225 θ’
1755 3181 1849 3240 ἅμα

333 3256 377 3299 in
400 3257 455 3301 iis
475 3257 724 3302 Meinekius
747 3258 909 3318 duplici
932 3258 1236 3303 emendatione
1257 3274 1361 3303 usus
1384 3267 1463 3315 est,
1499 3274 1597 3303 cum
1628 3267 1703 3303 aut
1733 3261 1780 3304 ἐκ
1812 3261 1975 3317 πατρὸς
2005 3260 2122 3305 κάτω
2153 3260 2391 3313 κεύθοντος
2418 3268 2493 3306 aut

332 3334 448 3379 κάτω
480 3341 678 3388 ναίοντος
710 3338 986 3382 scribendum
1022 3346 1292 3397 proponeret,
1325 3337 1542 3390 θανόντος
1574 3348 1719 3383 autem
1744 3339 1817 3383 ‘ex
1845 3340 1992 3397 glossa
2014 3339 2306 3384 interlineari'
2332 3342 2377 3384 in
2399 3348 2491 3385 tex·

2156 3421 2204 3459 10
