3009 3773
1441 209 1470 255 5

771 330 886 373 1005
947 329 1038 374 λόει
1067 330 1153 386 γὰρ
1183 330 1296 387 ἡμᾶς
1326 329 1456 374 οὐδὲν
1485 329 1577 375 οὔδ’
1597 333 1817 389 ἐπωφελεῖ

945 407 1075 465 βάξιν
1106 409 1254 466 καλὴν
1271 408 1456 466 λαβόντε
1487 410 1701 462 δυσκλεῶς
1731 414 1906 455 θανεῖν.

948 484 1000 531 οὗ
1028 487 1115 545 γὰρ
1145 491 1308 532 θανεῖν
1338 489 1553 545 ἔχθιστον,
1587 485 1681 534 ἀλλ’
1704 489 1810 533 ὅταν
1840 492 2003 533 θανεῖν

945 567 1111 630 χρῄζων
1141 584 1202 620 τις
1232 571 1325 612 εἶτα
1355 569 1464 626 μηδὲ
1495 571 1605 613 τοῦτ’
1626 570 1700 628 ἔχῃ
1729 571 1895 625 λαβεῖν.

370 646 422 690 In
457 646 664 690 extremis
693 645 866 690 duobus
889 648 1102 703 versibus,
1135 648 1295 707 quibus
1317 648 1403 692 Ad.
1421 642 1652 693 Michaelis
1683 648 1946 693 insanabilis
1969 647 2123 706 plagae
2145 655 2292 691 notam
2317 649 2531 706 praefixit,

370 723 508 768 multa
537 731 751 782 temptata
781 732 883 768 sunt
913 740 941 768 a
972 725 1124 782 doctis,
1157 725 1333 769 fuerunt
1364 727 1496 770 etiam
1527 727 1614 785 qui,
1648 742 1759 785 quae
1781 722 2107 770 estinultorum
2129 725 2258 769 hodie
2281 725 2383 769 diva
2404 730 2532 770 Παν-

370 802 508 859 α’κεια,
543 801 624 847 hos
656 801 765 847 duos
789 817 940 848 versus
973 810 1050 848 aut
1080 802 1251 860 solos*)
1283 811 1358 849 aut
1386 819 1483 849 cum
1512 805 1709 863 pluribus
1743 804 1951 849 delendos
1979 818 2075 849 esse
2098 804 2184 849 sibi
2206 804 2531 863 persuaderent.

370 879 492 936 Quos
522 896 687 938 versus,
721 882 766 926 in
789 882 948 940 quibus
970 883 1230 942 interpretes
1252 891 1426 929 nostros
1448 884 1523 928 vix
1547 884 1635 929 ulla
1656 892 1777 942 parte
1801 883 2046 942 explevisse
2069 899 2226 928 munus
2247 899 2373 929 suum
2395 883 2530 940 dicas,

369 961 472 1006 olim
505 960 719 1021 interpres
742 958 936 1006 Graecus
967 961 1030 1006 ita
1061 962 1284 1022 explicuit,
1317 962 1429 1007 nihil
1463 969 1509 1008 ut
1540 963 1824 1008 dubitationis
1855 955 2084 1022 superesse
2107 962 2319 1016 videatur,
2354 963 2461 1022 quin
2489 970 2533 1008 et

369 1047 486 1084 recte
518 1046 562 1084 et
593 1054 672 1084 suo
702 1040 800 1084 loco
832 1041 948 1084 elata
978 1040 1087 1085 haec
1118 1042 1336 1086 sententia
1367 1042 1436 1086 sit.
1491 1040 1579 1097 Qui
1617 1042 1806 1101 primum
1838 1042 1892 1086 ad
1925 1040 2084 1099 (1006)
2120 1042 2334 1093 δυσκλεῶς
2370 1045 2532 1087 θανεῖν

369 1119 477 1163 haec
515 1118 742 1163 adnotavit
771 1120 972 1164 ἐνταῦθα
1003 1121 1129 1178 δηλοῖ
1157 1120 1205 1165 τὸ
1235 1120 1324 1177 μετ’
1345 1123 1527 1177 αἰσχρᾶς
1559 1125 1763 1176 τιμωρίας
1799 1118 2065 1165 ἀποθανεῖν.
2112 1122 2186 1164 καὶ
2206 1120 2410 1179 Ὅμηρος·
2449 1119 2531 1178 ’μὴ

367 1198 452 1254 μὴν
484 1195 538 1253 δὴ
569 1199 758 1255 καθαρῷ
790 1196 976 1253 θανάτῳ
1008 1195 1099 1242 ἀπὸ
1130 1198 1279 1256 θυμὸν
1310 1196 1507 1256 ἑλοίμηνῖ
1556 1200 1724 1243 Versus
1757 1214 1866 1257 quos
1900 1199 2007 1242 dicit
2033 1198 2259 1257 Odysseae
2292 1198 2383 1255 (22,
2406 1198 2528 1256 462),

369 1276 527 1335 quibus
568 1276 753 1320 refertur
784 1275 1071 1322 Telemachus
1103 1278 1149 1321 in
1181 1277 1333 1335 δμωὰς
1368 1278 1603 1323 sceleratas
1635 1278 1840 1337 omnique
1873 1293 2013 1335 poena
2044 1277 2200 1336 dignas
2233 1276 2338 1336 quid
2371 1279 2530 1322 consti-

369 1356 500 1399 tuerit
530 1370 585 1398 ne
616 1355 718 1399 illae
749 1358 939 1414 καθαρῷ
970 1355 1158 1414 θανάτῳ
1188 1354 1329 1411 (mera
1359 1355 1517 1413 morte)
1548 1358 1741 1415 perirent
1773 1357 1850 1400 sed
1883 1365 1930 1400 ut
1951 1357 2110 1400 dicitur
2130 1372 2171 1400 v.
2189 1357 2279 1400 472
2302 1356 2419 1407 ὅπως
2439 1361 2530 1401 οἴκ-

367 1447 486 1477 τιστα
518 1432 719 1485 θάνοιεν,
757 1441 941 1492 possunt
971 1434 1134 1478 indicio
1166 1450 1281 1490 esse,
1321 1436 1448 1494 quale
1479 1433 1617 1493 geniis
1648 1437 1770 1479 necis
1803 1434 2138 1493 Chrysothemis
2171 1436 2255 1479 sibi
2287 1436 2434 1478 animo
2466 1437 2529 1478 in·

365 1512 620 1556 formaverit
657 1527 754 1555 cum
794 1511 912 1556 dicat
947 1513 1159 1574 δυσκλεῶς
1191 1517 1364 1557 θανεῖν.
1427 1512 1551 1558 Haec
1583 1521 1727 1558 autem
1760 1529 1870 1572 quae
1903 1514 2036 1557 sentit
2067 1529 2152 1571 quo
2185 1513 2324 1570 magis
2355 1514 2402 1557 in
2434 1514 2530 1558 luce

366 1596 583 1650 ponantur
620 1592 840 1635 subnectit
869 1591 948 1635 illa
978 1589 1030 1636 οὗ
1058 1591 1145 1648 γὰρ
1177 1595 1338 1637 θανεῖν
1375 1593 1577 1649 ἔχθιστον
1613 1595 1702 1638 κτλ.
1765 1591 1961 1648 Quorum
1999 1593 2260 1637 sententiam
2294 1592 2531 1637 scholiasta

367 1668 563 1714 Graecus
595 1669 639 1712 in
675 1669 788 1713 hunc
822 1669 996 1714 modum
1028 1669 1220 1714 reddidit
1240 1667 1398 1728 (1008)
1419 1673 1510 1715 εἶτα
1533 1671 1642 1730 μηδὲ
1664 1673 1774 1716 τοῦτ’
1795 1672 1889 1730 ἔχῃς
1921 1668 1973 1716 οὗ
1993 1669 2040 1715 τὸ
2063 1673 2138 1715 τοῦ
2158 1656 2363 1715 θανάτου
2385 1670 2530 1715 δεινόν

367 1750 494 1803 ἐστιν,
533 1746 632 1793 ἀλλ’
654 1748 760 1793 ὅταν
790 1749 1022 1805 ἐπιθυμῶν
1054 1766 1114 1800 τις
1145 1747 1414 1802 ἀποθανεῖν,
1452 1750 1558 1794 ὥστε
1590 1750 1666 1801 τὰς
1697 1749 1920 1806 παρούσας
1957 1749 2154 1801 κολάσεις
2184 1751 2399 1806 ἐκφυγεῖν,
2437 1749 2530 1794 τότε

365 1826 474 1884 μηδὲ
505 1823 656 1871 τούτου
686 1825 801 1886 τύχῃ.
833 1829 1010 1872 τοιαῦτα
1043 1825 1120 1872 οὖν
1152 1826 1399 1885 πεισόμεθα
1431 1825 1494 1873 οἷν
1525 1826 1549 1872 ὃ
1572 1827 1770 1879 θάνατος
1804 1826 2095 1885 αἱρετώτερος.
2143 1825 2268 1882 Quae
2299 1829 2529 1887 perspicua

366 1912 469 1949 sunt
502 1913 547 1949 et
577 1905 693 1950 hunc
723 1906 1005 1965 interpretem
1037 1907 1225 1965 probant
1255 1922 1306 1951 ea
1345 1907 1564 1965 explicare
1597 1922 1709 1966 quae
1741 1908 1905 1966 scripta
1936 1915 2039 1951 sunt
2069 1908 2114 1951 in
2146 1906 2287 1952 libris.
2341 1907 2413 1953 Ab
2445 1906 2528 1951 hoc

366 1991 510 2028 autem
549 1984 693 2029 aliena
731 1992 835 2030 sunt
864 2000 974 2044 quae
1006 1985 1061 2029 ad
1095 2002 1134 2029 v.
1161 1987 1275 2031 1007
1308 1986 1572 2031 adnotantur
1603 1987 1740 2031 λείπει
1771 1984 1818 2030 τὸ
1851 1987 2018 2038 καλῶς,
2056 1986 2216 2045 quique
2247 1985 2351 2030 hinc
2383 1987 2527 2031 exorsi

366 2072 413 2106 ut
434 2064 473 2107 ei
497 2063 640 2108 locum
676 2072 877 2123 pararent
909 2064 1023 2123 quod
1056 2065 1130 2109 ille
1163 2065 1315 2110 deesse
1349 2066 1501 2110 scribit
1529 2073 1604 2110 aut
1628 2067 1772 2117 καλῶς
1792 2081 2003 2124 reponere
2024 2080 2103 2124 pro
2124 2067 2276 2121 λαβεῖν
2298 2066 2528 2110 voluerunt

364 2150 440 2186 aut
471 2143 624 2187 eodem
658 2143 840 2188 consilio
872 2159 926 2187 ex
958 2144 1065 2188 ὅταν
1095 2143 1371 2188 efficiendum
1404 2145 1463 2189 ὅτ’
1484 2142 1532 2189 εὖ
1564 2145 1874 2200 coniectarunt,
1910 2145 2065 2189 misere
2089 2152 2241 2202 poetae
2264 2145 2525 2189 sententiam

365 2221 675 2279 depravarunt,
717 2237 844 2280 quem
880 2238 967 2267 non
999 2222 1203 2267 viderunt
1241 2238 1372 2282 quam
1410 2224 1556 2282 inepte
1590 2223 1902 2267 balbutientem
1938 2223 2186 2280 redderent,
2227 2238 2327 2267 cum
2358 2231 2434 2267 aut
2464 2224 2527 2268 ita

365 2300 541 2355 diceret,
569 2299 701 2344 ‘mori
735 2316 821 2343 non
855 2309 924 2344 est
955 2301 1190 2358 pessimum
1225 2301 1301 2345 sed
1334 2316 1431 2345 cum
1465 2303 1573 2344 mori
1607 2303 1757 2359 cupias
1790 2302 1969 2359 pulchre
2004 2303 2113 2345 mori
2144 2317 2228 2344 non
2260 2299 2417 2359 posse’,
2451 2310 2527 2345 aut

359 2377 492 2422 ‘mori
527 2394 613 2422 non
648 2385 716 2423 est
751 2379 989 2438 pessimum
1023 2379 1101 2423 sed
1133 2394 1231 2423 cum
1263 2380 1374 2424 bene
1406 2381 1517 2424 mori
1550 2380 1698 2439 cupias
1730 2380 1777 2424 id
1815 2380 1989 2439 assequi
2022 2395 2111 2424 non
2144 2377 2297 2439 posse?
2346 2378 2524 2434 Quanto

364 2460 507 2503 verius
535 2459 608 2502 ille
629 2459 747 2518 prior
769 2459 1006 2504 scholiasta
1027 2460 1149 2504 cuius
1175 2460 1307 2504 verba
1327 2460 1599 2504 reddidimus
1621 2468 1774 2519 poetae
1797 2468 1985 2504 mentem
2010 2461 2232 2519 perspexit
2253 2476 2351 2504 cum
2374 2460 2420 2504 in
2442 2460 2524 2505 hac

363 2538 500 2581 altera
532 2537 812 2581 adnotatione
844 2545 936 2581 tum
968 2539 1014 2581 in
1042 2538 1119 2581 illa
1151 2539 1371 2597 superiore
1403 2553 1535 2597 quam
1567 2539 1621 2583 ad
1655 2555 1692 2582 v.
1721 2539 1837 2583 1006
1870 2539 2115 2597 adscripsit,
2150 2554 2261 2598 quae
2295 2547 2341 2584 ut
2372 2539 2525 2583 eodem

363 2617 549 2660 tendunt
580 2618 708 2661 unius
740 2618 930 2661 auctoris
964 2618 1176 2674 originem
1208 2617 1409 2676 produnt.
1457 2618 1621 2662 Verum
1655 2634 1710 2662 ne
1741 2619 1786 2662 in
1819 2618 1904 2675 γὰρ
1937 2618 2111 2676 quidem
2145 2618 2376 2676 particula,
2418 2632 2524 2677 pace

362 2695 526 2739 dictum
559 2703 652 2739 esto
677 2696 756 2738 viri
791 2695 1108 2749 humanissimi,
1141 2703 1235 2739 erat
1255 2696 1371 2754 quod
1394 2696 1696 2753 offenderetur,
1733 2712 1844 2755 quae
1866 2712 1961 2740 eam
1985 2697 2246 2740 sententiam
2268 2697 2404 2752 affert,
2439 2712 2525 2755 qua

361 2774 476 2831 quod
508 2780 609 2816 ante
642 2773 754 2816 dixit
786 2772 1119 2830 Chrysothemis
1151 2775 1363 2824 δυσκλεῶς
1394 2778 1556 2817 θανεῖν
1579 2775 1770 2817 declaret
1791 2782 1922 2832 atque
1944 2776 2184 2817 confirmet.
2234 2772 2371 2817 Cuius
2392 2776 2522 2818 ratio·

361 2851 625 2895 cinationem
661 2851 707 2894 in
741 2851 856 2895 hunc
887 2851 977 2894 fere
1017 2851 1193 2895 modum
1230 2852 1334 2896 licet
1370 2852 1590 2896 evolvere:
1619 2851 1753 2896 ‘nihil
1787 2852 1962 2911 prodest
1995 2854 2155 2896 bonam
2187 2852 2349 2896 famam
2381 2854 2522 2897 nactis

360 2930 512 2974 infami
544 2931 674 2974 modo
705 2932 858 2975 mortis
890 2931 1049 2989 perire:
1083 2931 1236 2975 infami
1265 2932 1443 2990 inquam
1471 2933 1624 2976 mortis
1646 2932 1792 2987 modo3
1827 2948 1927 2975 nam
1951 2932 2061 2975 mori
2083 2947 2169 2975 non
2193 2940 2261 2976 est
2281 2932 2522 2977 infensissi-

359 3022 490 3065 mum,
525 3007 603 3052 sed
635 3022 734 3052 cum
767 3023 818 3052 ea
850 3007 1105 3052 condicione
1137 3008 1198 3053 sis
1233 3015 1279 3052 ut
1310 3023 1427 3053 mors
1462 3008 1740 3054 vehementer
1770 3008 1986 3067 cupienda
2007 3008 2066 3053 sit
2086 3016 2177 3052 tum
2199 3009 2321 3053 neid
2344 3009 2520 3068 quidem

359 3103 488 3146 posse
526 3085 747 3133 nancisci?
807 3086 975 3133 Suntne
1015 3087 1122 3132 haec
1160 3089 1267 3133 satis
1306 3088 1440 3146 digna
1478 3087 1858 3148 Chrysothemidis
1890 3089 2097 3146 ingenio?
2143 3086 2341 3133 Similem
2374 3097 2519 3134 antem

574 3283 611 3327 ¹⁸)
637 3282 744 3328 Quod
770 3293 803 3318 v.
825 3282 916 3319 1007
943 3281 980 3318 in
1007 3280 1135 3319 codice
1161 3281 1420 3318 Laurentiano
1447 3281 1619 3326 omissus,
1645 3292 1668 3317 a
1686 3285 1904 3318 correctore
1931 3280 2084 3318 additus
2102 3285 2174 3326 est,
2200 3280 2308 3318 cuius
2327 3281 2384 3318 rei
2402 3292 2519 3319 causa

357 3351 518 3394 apparet
548 3347 693 3385 duobus
724 3346 917 3385 continuis
943 3346 1116 3384 versibus
1141 3346 1179 3383 in
1206 3346 1363 3385 eandem
1389 3357 1516 3384 vocem
1549 3345 1826 3391 desinentibus,
1860 3346 1946 3385 inde
1973 3347 2018 3384 de
2046 3345 2194 3394 origine
2221 3357 2398 3384 versuum
2433 3358 2519 3384 cou-

356 3413 458 3450 cludi
482 3413 577 3451 nihil
601 3418 742 3461 potest.
