3009 3773
1557 181 1614 226 18

497 301 812 360 interpretandi
836 316 981 358 causa,
1011 302 1127 361 quod
1150 317 1238 347 non
1261 302 1458 360 ineptum
1480 310 1586 358 erat,
1614 299 1838 360 ἀκήδησαν
1858 300 2127 360 adscriptum
2149 301 2243 346 eius
2263 301 2409 347 locum
2424 301 2668 348 obtinuisse

496 390 540 426 et
572 382 654 425 hac
685 381 827 425 forma
859 396 1034 426 versum
1064 382 1110 425 in
1145 380 1443 427 Choerobosci
1482 382 1730 439 congeriem
1761 382 1989 439 migrasse.
2038 379 2213 426 Similia
2243 388 2359 425 corte
2390 394 2480 425 non
2510 380 2670 427 dosunt

496 461 540 504 in
575 459 802 517 Apollonii
832 459 974 514 libris,
1008 460 1157 518 qualia
1189 460 1259 505 vel
1290 459 1399 504 haec
1431 466 1534 505 sunt
1560 474 1672 518 quae
1693 475 1749 504 ex
1768 459 1972 504 Merkelii
1994 459 2276 504 adnotatione
2297 458 2499 518 petimus,
2518 460 2560 517 2,
2580 459 2667 506 779

495 539 570 593 ἐμὲ
602 538 640 580 δ’
672 535 770 594 εὗρε
802 542 903 582 νέον
933 537 1152 593 χνοάοντα
1184 535 1463 594 (χνοάοντας)
1495 536 1682 589 ἰούλους.
1726 537 1876 595 Etym.
1905 537 1966 582 M.
1995 537 2098 594 813,
2131 539 2196 595 11ὶ
2218 536 2438 593 χνοάοντα
2469 537 2667 593 παρειάς.

496 618 537 672 4,
575 616 691 661 1198
729 615 1002 672 ἑλισσόμεναι
1033 618 1131 672 περὶ
1161 615 1331 662 κύκλον.
1371 614 1614 660 Gaisfordii
1642 615 1743 660 libri
1776 614 1925 673 Etym.
1960 614 2022 659 M.
2058 615 2131 670 56,
2170 614 2232 660 30
2268 611 2535 673 ἀληλᾰμενοι
2571 617 2669 671 περὶ

496 695 667 740 κύκλον.
701 696 750 751 4,
787 696 903 741 1679
941 699 1130 752 πετραίῳ
1163 694 1335 750 στόνυχι
1364 699 1529 752 χρίμψε
1559 693 1738 752 σφυρόν.
1795 693 1942 751 Etym.
1972 693 2034 738 M.
2066 693 2173 750 728,
2204 694 2263 739 32
2296 697 2468 752 Πτερέῳ
2499 693 2671 750 στόνυχι

496 778 624 829 τρίψε
657 772 838 832 σφυρόν.
888 770 1061 827 Quibus
1094 772 1276 827 accedit,
1310 779 1359 816 ut
1390 769 1636 830 ἀφείδησαν
1667 772 1850 816 verbum
1882 771 2026 829 ipsum
2048 771 2243 829 potuisse
2263 771 2580 830 interpretandi
2602 787 2668 817 se·

498 851 724 895 dulitatem
757 851 947 894 excitare
979 857 1200 908 appareat,
1236 852 1276 906 3,
1313 852 1430 894 1013

1078 928 1250 983 προπρὸ
1282 929 1322 971 δ’
1342 925 1674 985 ἀφειδήσασα
1706 926 1909 977 θυώδεος
1941 928 2060 978 ἔξελε
2089 931 2237 984 μίτρης

1076 1003 1331 1064 φάρμακον,

497 1088 570 1131 ubi
602 1086 841 1129 scholiasta
862 1086 988 1128 affert
1014 1084 1232 1141 γράφεται
1253 1085 1456 1141 προπρὸ
1487 1085 1537 1128 δὲ
1572 1083 1875 1142 μειδήσασα.
1937 1082 2038 1138 Quo
2060 1099 2189 1128 nemo
2212 1092 2366 1140 utetur,
2391 1085 2667 1144 quemadmo-

496 1166 598 1210 dum
624 1180 677 1208 ne
699 1163 997 1220 superioribus
1026 1162 1203 1221 quidem
1236 1163 1346 1207 locis
1379 1163 1610 1221 quisquam
1642 1162 1915 1219 grammatici
1947 1162 2211 1206 testimoniis
2242 1162 2454 1207 librorum
2485 1164 2669 1221 scriptu·

494 1260 586 1288 ram
620 1242 967 1302 posthabendam
1003 1256 1100 1285 esse
1132 1243 1314 1285 censuit.
1379 1240 1550 1295 Quodsi
1589 1241 1773 1297 contigit
1808 1241 2154 1297 argumentando
2186 1241 2382 1299 probare,
2425 1237 2678 1299 ἀφείδησαν

495 1325 538 1367 in
575 1321 800 1380 Apollonii
834 1336 963 1364 versu
1002 1320 1276 1364 retinendum
1317 1321 1410 1364 sive
1448 1318 1785 1375 restituendum,
1826 1314 2052 1377 ἀκήδησαν
2084 1317 2391 1364 Choerobosco
2423 1320 2668 1379 relinquen-

474 1390 598 1445 ‘dum
631 1415 741 1455 esse,
775 1399 931 1457 incipit
965 1399 1032 1442 vel
1065 1398 1149 1443 hoc
1180 1399 1358 1442 nomine
1389 1398 1582 1442 Bonitzii
1615 1397 1878 1453 coniectura,
1919 1397 2042 1441 cuius
2074 1398 2242 1456 species
2280 1412 2368 1441 non
2405 1398 2562 1442 leviter
2592 1399 2670 1443 illa

495 1479 791 1537 discrepantia
822 1478 1125 1533 adiuvabatur,
1160 1477 1243 1521 hoc
1275 1477 1541 1521 adminiculo
1574 1477 1746 1535 privata
1776 1476 2042 1520 labefactari.

714 1555 801 1601 Sed
825 1557 1047 1614 pergimus
1070 1556 1298 1615 Apollonii
1331 1555 1532 1615 exempla
1564 1555 1686 1599 verbi
1719 1552 1953 1613 ἀφειδῆσαι
1984 1571 2225 1599 recensere.
2273 1557 2315 1610 3,
2334 1558 2436 1601 630.
2487 1558 2668 1602 Medeae

496 1637 710 1679 somnium
744 1642 957 1689 narratur,
992 1650 1079 1692 quo
1112 1635 1209 1692 ipsa
1240 1634 1323 1677 sibi
1359 1634 1590 1677 videbatur
1622 1631 1771 1677 ἆθλον
1803 1634 2004 1688 subiisse,

1656 1710 1766 1755 ὀίετο
1799 1712 1838 1755 δ’
1859 1709 1977 1770 ἀμφὶ
2006 1711 2177 1768 βόεσσιν
2229 1758 2234 1763 ,

1078 1787 1186 1847 αὕτη
1219 1787 1496 1835 ἀεθλεύουσα
1527 1788 1629 1846 μάλ’
1652 1787 1873 1847 εὗμαρέως
1904 1793 2166 1835 πονέεσθαι·

926 1870 1014 1914 625
1078 1873 1341 1927 σφωιτέρους
1373 1870 1422 1912 δὲ
1452 1872 1607 1928 τοκῆας
1638 1869 1889 1927 ὑποσχεσίης
1920 1867 2155 1925 ἀθερίζειν,

1078 1949 1252 1994 οὕνεκεν
1284 1945 1336 1993 οὗ
1365 1947 1496 2008 κούρῃ
1528 1948 1671 2002 ζεῦξαι
1700 1947 1827 2005 βόας,
1859 1944 1975 1993 ἀλλά
2007 1947 2049 1993 οἳ
2081 1946 2198 2007 αὐτῷ

1078 2026 1354 2084 προύθεσαν·
1404 2029 1451 2071 ἐκ
1483 2028 1522 2070 δ’
1544 2025 1634 2084 ἆρα
1667 2029 1745 2071 τοῦ
1774 2035 1912 2078 νεῖκος
1944 2029 2073 2072 πέλεν
2105 2025 2375 2085 ἀμφήριστον

1078 2110 1209 2162 πατρί
1239 2123 1282 2149 τε
1314 2109 1387 2148 καὶ
1419 2109 1592 2158 ξείνοις·
1640 2103 1748 2167 αὐτῇ
1777 2107 1816 2149 δ’
1837 2107 2092 2161 ἐπιέτρεπον
2122 2105 2256 2162 ἄμφω

1077 2184 1158 2236 τως
1190 2185 1304 2241 ἔμεν,
1338 2184 1396 2235 ὥς
1428 2201 1502 2228 κεν
1533 2184 1622 2246 ἑῇσι
1652 2184 1760 2241 μετὰ
1793 2187 1947 2242 φρεσὶν
1977 2183 2183 2229 ἰθύσειεν.

922 2264 1013 2306 630
1073 2262 1099 2319 ἢ
1129 2263 1169 2305 δ’
1194 2262 1324 2320 ἄφνω
1356 2262 1430 2305 τὸν
1461 2265 1616 2317 ξεῖνον,
1651 2260 1981 2320 ἀφειδήσασα
2014 2262 2233 2320 τοκήων,

1076 2342 1232 2385 εἵλετο·
1280 2340 1380 2391 τοὺς
1411 2341 1452 2384 δ’
1475 2338 1721 2397 ἀμέγαρτον
1753 2340 1858 2396 ἄχος
1889 2340 2037 2396 λάβεν,
2070 2342 2118 2385 ἐκ
2148 2342 2187 2385 δ’
2208 2340 2394 2399 ἐβόησαν

1074 2419 1303 2475 χωόμενοι·
1354 2418 1430 2475 τὴν
1461 2420 1499 2462 δ’
1521 2419 1656 2469 ὕπνος
1689 2419 1782 2475 α”μα
1814 2421 1979 2480 κλαγγῇ
2006 2423 2233 2477 μεθέηκεν.

497 2499 686 2542 Tantum
709 2499 869 2556 apponi
893 2498 1093 2552 debebat,
1119 2505 1167 2541 ut
1187 2506 1304 2541 recte
1327 2498 1509 2541 iudicari
1533 2506 1693 2556 posset.
1740 2495 1869 2551 Quod
1893 2499 2009 2541 enim
2031 2498 2188 2542 Medea
2211 2498 2369 2542 dicitur
2391 2495 2668 2557 ἀφειδήσασα

495 2578 661 2633 τοκήων
683 2577 900 2635 hospitem
923 2577 1194 2635 praetulisse,
1227 2577 1366 2635 possit
1393 2577 1436 2620 in
1463 2576 1546 2621 hac
1574 2577 1823 2621 narratione
1847 2577 1907 2620 ita
1936 2577 2077 2635 accipi
2106 2585 2153 2620 ut
2173 2576 2373 2621 Medeam
2404 2593 2490 2621 non
2518 2592 2668 2636 peper-

495 2657 606 2699 cisse
630 2656 884 2713 parentibus
907 2655 1217 2711 intelligamus,
1241 2656 1401 2712 quibus
1424 2663 1591 2698 tantum
1615 2655 1704 2698 irae
1727 2662 1771 2698 et
1791 2655 1984 2711 aegroris
2007 2663 2213 2711 moveret,
2237 2653 2514 2712 ἀφειδήσασα
2533 2655 2668 2713 igitur

494 2751 520 2777 a
554 2733 721 2790 vulgari
755 2733 1090 2789 significatione,
1125 2748 1211 2791 qua
1241 2732 1300 2790 μὴ
1333 2733 1568 2790 φειδομένη
1600 2732 1781 2789 dicatur,
1823 2733 1893 2776 hic
1924 2732 2101 2791 quidem
2132 2749 2220 2777 non
2253 2733 2524 2778 discessisse.
2578 2731 2664 2778 Sed

495 2812 568 2869 qui
592 2812 656 2854 ita
677 2810 885 2867 iudicant,
921 2826 1121 2854 veremur
1154 2827 1208 2853 ne
1241 2811 1386 2869 specie
1420 2810 1632 2853 ducantur
1654 2811 1710 2853 ob
1734 2811 1869 2854 nostri
1895 2811 2109 2854 sermonis
2139 2827 2315 2868 morem,
2349 2828 2448 2855 cum
2469 2812 2666 2869 selmum,

496 2889 728 2947 Sekonuny
753 2890 841 2933 vim
863 2889 1058 2933 lenitatis
1081 2897 1125 2932 et
1146 2889 1404 2932 clementiae
1427 2889 1570 2943 habet,
1605 2903 1717 2946 quae
1739 2904 1765 2932 a
1789 2899 1981 2933 veterum
2005 2890 2152 2934 verbis
2174 2890 2407 2947 φείδεσθαι
2427 2899 2471 2934 et
2490 2905 2668 2948 parcere

494 2969 583 3012 fere
611 2968 756 3012 aliena
778 2978 857 3011 est.
908 2966 996 3011 Sed
1019 2967 1103 3011 hoc
1132 2975 1228 3010 utut
1259 2973 1338 3022 est,
1373 2974 1517 3010 tamen
1552 2982 1650 3011 cum
1684 2967 1790 3011 haec
1822 2974 2026 3025 quattuor
2056 2968 2154 3012 loca
2177 2984 2262 3012 uno
2285 2969 2438 3013 ordine
2459 2984 2666 3025 recogno-

494 3048 685 3091 verimus

1323 3120 1648 3181 ἀφειδήσαντας
1680 3120 1860 3169 ἀέθλων

1322 3200 1524 3260 ἀφειδέες
1555 3198 1809 3259 οὐλομένοιο
1842 3207 2054 3261 Δείματος

1073 3278 1125 3325 οὗ
1158 3314 1168 3324 .
1204 3314 1214 3325 .
1249 3314 1259 3325 .
1323 3278 1569 3339 ἀφείδησαν
1599 3280 1831 3340 βασιλῆος

1322 3357 1599 3418 ἀφειδήσασα
1631 3360 1810 3419 τοκήων,
