3009 3773
1400 179 1453 223 11

348 298 521 357 pliciter
558 312 609 343 ac
652 313 751 343 vere
788 297 1012 343 iudicanti.
1075 298 1335 358 Impeditior
1365 306 1433 342 est
1463 298 1657 343 eiusdem
1690 313 1842 342 versus
1875 299 2030 351 exitus,
2064 313 2192 357 quem
2225 298 2364 341 codex
2394 297 2506 341 Lau·

345 377 570 421 rentianus
602 378 665 420 ita
694 377 904 435 scriptum
935 377 1116 423 exhibet
1143 378 1268 428 ἄξιος
1297 377 1459 435 φιλεῖν,
1490 392 1588 422 cum
1621 378 1720 422 aliis
1742 376 1969 421 Parisinus
1991 377 2113 430 ἄξιος
2133 386 2293 431 τυχεῖν,
2324 377 2369 420 id
2391 377 2507 434 quod

346 456 603 500 correctoris
646 471 778 500 manu
823 455 1028 500 tralatum
1065 463 1134 500 est
1169 455 1301 500 etiam
1338 456 1386 500 in
1422 454 1780 500 Laurentianum.
1845 454 1959 500 Sunt
1995 457 2070 514 qui
2108 464 2248 511 τυχεῖν
2287 470 2365 514 pro
2402 470 2507 499 vero

347 534 535 591 habent3
566 549 649 579 nec
680 534 986 593 improbabilis
1017 534 1373 590 exsistitoratio,
1405 534 1501 580 sive
1522 534 1585 579 ita
1604 534 1903 592 interpreteris
1928 542 1974 579 ut
1993 531 2118 588 ἄξιος
2137 533 2311 579 dicatur
2330 535 2508 579 πολλῦν

345 619 487 668 τυχεῖν
516 613 610 657 sive
640 612 698 657 ad
730 613 906 657 νωλλῦν
936 612 1058 665 ἄξιος
1087 613 1352 657 infinitivum
1383 621 1525 668 τυχεῖν
1544 613 1681 656 libere
1702 612 1920 656 adiectum
1942 620 2122 657 statuas.
2174 614 2264 656 Alii
2286 614 2333 656 in
2354 613 2506 656 eadem

345 691 564 736 sententia
593 692 742 747 λαχεῖν
772 690 1103 750 praeferendum
1135 697 1411 748 censuerunt,
1440 698 1485 735 et
1510 698 1661 735 notum
1683 698 1752 735 est
1771 690 1878 735 haec
1900 691 1986 735 duo
2011 692 2143 736 verba
2162 691 2321 736 similis
2341 691 2506 735 formae

344 775 641 828 cognataeque
672 769 1005 826 significationis
1037 784 1364 828 nonnumquam
1393 770 1508 813 inter
1544 784 1592 813 se
1629 775 1873 826 permutata
1911 785 2008 814 esse
2045 771 2090 813 in
2123 770 2268 826 libris,
2308 770 2428 813 velut
2458 771 2502 812 in

343 847 545 892 Electrae
577 862 705 891 versu
738 847 827 892 364
856 844 930 902 (cf.
956 845 1074 903 751),
1108 847 1186 892 sed
1217 847 1292 906 qui
1320 847 1404 891 hos
1435 862 1588 891 versus
1619 847 1729 892 duos
1761 849 2013 905 respexerit,
2048 849 2297 906 Antigonae
2328 849 2418 893 699

923 923 1002 981 οὔκ
1032 926 1107 983 ἥδ’
1137 927 1292 983 χρυσῆς
1323 922 1426 980 ἇξία
1457 927 1577 983 τιμῆς
1607 927 1777 981 tax-stu,-

344 991 498 1048 Aiacis
530 1004 620 1048 924
906 986 958 1048 vori
988 1002 1167 1062 δύσμορ’
1200 1007 1333 1056 Αἴας,
1365 1003 1454 1056 οἷος
1485 1005 1549 1048 ὧν
1579 1009 1681 1056 οἵως
1712 1004 1833 1060 ἔχεις,

920 1081 979 1133 ὥς
1009 1086 1083 1126 καὶ
1113 1085 1216 1139 παρ’
1236 1085 1416 1140 ἐχθροῖς
1446 1082 1568 1136 ἄξιος
1598 1081 1779 1141 θρήνων
1810 1093 1965 1139 τυχεῖν,

343 1160 467 1204 dabit
494 1160 692 1216 fortasse,
726 1176 814 1204 non
847 1176 956 1217 esse,
989 1162 1028 1205 si
1061 1161 1174 1205 hanc
1205 1161 1467 1205 sententiam
1499 1161 1733 1219 sequimur,
1765 1161 1884 1220 ‘quod
1905 1171 2058 1217 τυχεῖν,
2081 1177 2193 1219 quae
2214 1162 2354 1205 forma
2374 1162 2505 1205 habet

342 1245 487 1282 tamen
521 1239 672 1297 scripti
705 1238 803 1282 libri
837 1239 1149 1295 testimonium,
1182 1245 1373 1283 mutetur
1403 1240 1450 1282 in
1481 1240 1642 1295 λαχεῖν.
1706 1237 1795 1283 Sed
1827 1241 1909 1283 etsi
1942 1239 2212 1297 probabilem
2244 1254 2341 1282 esse
2372 1240 2503 1282 istam

342 1317 583 1361 orationem
623 1316 827 1373 diximus,
869 1331 981 1375 quae
1020 1332 1108 1360 non
1140 1317 1295 1372 leviter
1324 1316 1557 1361 adiuvatur
1587 1318 1799 1375 exemplis
1833 1317 1960 1361 modo
1993 1317 2152 1373 allatis,
2193 1326 2339 1361 tamen
2373 1332 2504 1375 quam

340 1395 471 1440 fidem
509 1395 669 1439 habeat
705 1394 782 1439 illa
821 1395 1038 1453 scriptura
1074 1394 1353 1439 vehementer
1390 1395 1640 1440 dubitamus
1678 1404 1908 1454 propterea
1944 1395 2060 1454 quod
2099 1396 2135 1439 si
2175 1405 2317 1451 τυχεῖν
2356 1410 2502 1439 verum

341 1482 421 1529 est,
455 1475 600 1532 φιλεῖν
631 1474 746 1531 quod
780 1481 847 1517 est
877 1475 924 1517 in
956 1474 1184 1531 potissimo
1217 1473 1366 1518 codice
1397 1474 1512 1518 unde
1544 1484 1686 1518 ortum
1716 1475 1775 1518 sit
1800 1474 1929 1533 plane
1957 1482 2024 1518 est
2045 1475 2087 1518 in
2118 1475 2317 1519 obscuro.
2355 1471 2504 1528 Quare

341 1554 406 1597 sic
437 1553 681 1609 statuimus,
716 1561 856 1608 τυχεῖν
888 1553 1162 1597 coniecturae
1193 1561 1421 1612 acceptum
1450 1553 1566 1609 ferri,
1600 1554 1779 1598 minime
1813 1552 2089 1612 vituperabili
2120 1552 2185 1597 illi
2217 1552 2393 1611 quidem
2426 1553 2502 1598 sed

341 1642 486 1677 tamen
520 1633 809 1683 coniecturae,
841 1648 971 1690 quam
1004 1632 1196 1677 inierunt
1227 1633 1298 1691 qui
1332 1634 1476 1690 φιλεῖν
1507 1633 1692 1690 intelligi
1726 1648 1858 1692 posse
1888 1633 2180 1691 desperarent.
2234 1632 2389 1692 Itaque
2411 1633 2501 1677 lau·

340 1712 473 1755 dandi
488 1720 598 1756 sunt
618 1713 692 1770 qui
715 1712 771 1756 ab
793 1711 876 1755 hoo
898 1712 1042 1770 potius
1067 1712 1199 1755 verbo
1220 1711 1403 1770 profecti
1425 1712 1663 1755 divinando
1684 1720 1837 1770 poetae
1859 1728 2035 1756 manum
2058 1713 2269 1756 suscitare
2286 1713 2501 1756 conaban-

341 1798 429 1845 tur3
463 1791 540 1834 sed
570 1792 691 1834 varia
717 1806 828 1848 quae
849 1790 1124 1848 protulerunt
1154 1798 1412 1845 commenta,
1446 1807 1473 1834 a
1492 1790 1710 1833 Michaele
1731 1791 1774 1833 in
1799 1790 2079 1833 adnotatione
2101 1790 2171 1833 vel
2193 1790 2236 1833 in
2260 1790 2501 1848 appendice

342 1869 574 1927 diligenter
606 1870 800 1926 collecta,

921 1949 1095 1991 πολλῶν
1126 1949 1184 1991 ἂν
1214 1948 1340 2005 ἥκοις,
1373 1947 1408 1990 ὦ
1439 1950 1542 2000 ξέν’,
1573 1948 1696 2000 ἄξιος
1727 1950 1891 2004 φίλων

917 2029 1092 2071 πολλῶν
1123 2028 1180 2070 ἂν
1210 2026 1344 2085 ἥκοις,
1376 2025 1412 2070 ὦ
1442 2030 1545 2079 ξέν’,
1575 2027 1697 2080 ἄξιος
1728 2029 1906 2084 φίλοιν
1939 2027 2007 2069 vel
2040 2029 2214 2083 φίλοις

918 2107 1094 2149 πολλῶν
1125 2106 1183 2149 ἂν
1213 2106 1340 2163 ἥκοις,
1376 2103 1412 2148 ὦ
1443 2108 1543 2161 ξέν’,
1575 2106 1695 2158 ἄξιος
1728 2110 1927 2164 φέρειν,

341 2198 605 2242 quamquam
638 2183 755 2226 aliud
788 2183 874 2226 alio
907 2183 1063 2227 melius
1095 2191 1174 2239 est,
1209 2191 1253 2227 et
1282 2183 1366 2227 hoc
1397 2191 1666 2242 postremum
1698 2184 1929 2242 praecipue
1961 2184 2069 2227 scite
2102 2184 2395 2240 excogitatum
2419 2192 2499 2237 est,

341 2269 485 2306 tamen
517 2262 626 2306 haee
656 2263 804 2306 omnia
828 2278 912 2306 non
937 2277 1035 2306 eam
1056 2263 1278 2318 attingunt
1297 2263 1652 2321 probabilitatem
1676 2278 1763 2321 qua
1781 2262 1911 2307 facile
1932 2263 2199 2320 acquiescas.
2247 2261 2350 2306 Fuit
2369 2263 2500 2305 etiam

341 2341 408 2383 vir
438 2340 592 2384 doctus
625 2341 701 2398 qui
732 2356 813 2383 neo
843 2350 983 2396 τυχεῖν
1014 2356 1096 2384 nee
1127 2342 1272 2398 φιλεῖν
1301 2341 1576 2384 tolerandum
1614 2348 1754 2396 ratus,
1796 2342 1966 2384 abiecto
2000 2342 2132 2384 verbo
2164 2356 2401 2398 pronomen
2435 2342 2501 2382 in-

340 2419 477 2462 seruit
506 2417 620 2476 ἡμίν,
653 2433 740 2476 quo
772 2418 921 2462 addito
953 2419 1194 2463 orationem
1226 2418 1403 2477 quidem
1435 2419 1580 2463 effecit
1609 2418 1725 2462 haud
1747 2419 1952 2477 ineptam,
1977 2421 2151 2464 πολλῶν
2171 2420 2229 2463 ἄν
2249 2419 2364 2476 ἥκοις
2385 2418 2499 2475 ἡμῖν,

341 2495 376 2540 ὦ
397 2499 499 2550 ξέν’,
531 2494 672 2550 ἄξιος,
704 2496 781 2541 sed
803 2512 962 2554 genere
983 2496 1244 2541 emendandi
1268 2512 1385 2552 usus,
1419 2497 1533 2555 quod
1556 2498 1638 2541 etsi
1660 2497 1820 2541 multos
1844 2497 1976 2541 habet
1998 2497 2234 2554 plausores,
2263 2512 2361 2541 raro
2383 2497 2501 2555 quod

342 2576 430 2618 veri
477 2576 621 2619 simile
659 2583 776 2619 esset
806 2583 1053 2618 assecutum
1085 2583 1165 2619 est.
1227 2575 1320 2618 Nos
1358 2576 1585 2619 recensitis
1625 2576 1826 2619 omnibus
1864 2577 2007 2632 φιλεῖν
2039 2576 2302 2633 repetiimus,
2338 2575 2500 2618 codicis

340 2654 697 2709 fide'munitum,
738 2662 868 2712 atque
906 2654 952 2697 id
991 2660 1156 2697 mutare
1195 2669 1293 2697 cum
1333 2653 1628 2712 superioribus
1662 2670 1713 2698 eo
1744 2654 1884 2711 magis
1916 2654 2178 2709 dubitamus,
2220 2669 2306 2712 qno
2340 2654 2500 2698 certius

340 2733 584 2790 intelligere
625 2732 832 2788 videmur,
873 2732 955 2775 hoe
986 2732 1167 2776 verbum
1199 2732 1343 2789 ipsum
1383 2747 1510 2790 posse
1543 2732 1643 2775 huic
1675 2733 1859 2776 orationi
1893 2732 2226 2776 accommodari.
2291 2731 2353 2776 Ut
2383 2733 2500 2776 enim

341 2813 566 2856 mittamus
599 2811 818 2870 paulisper
849 2811 1040 2862 πολλῶν,
1070 2809 1239 2868 reliqua
1269 2811 1408 2854 oratio
1440 2808 1476 2853 ὦ
1508 2814 1603 2862 ξένε
1633 2809 1756 2863 ἄξιος
1786 2811 1843 2854 ἄν
1877 2810 1988 2867 ἥκοις
2021 2812 2180 2867 φιλεῖν,
2219 2811 2330 2854 nihil
2369 2810 2502 2855 habet

340 2890 456 2948 quod
493 2906 578 2934 non
612 2899 729 2934 recte
760 2896 835 2933 aut
866 2906 952 2933 non
985 2897 1084 2946 apte
1116 2889 1277 2933 elatum
1309 2888 1386 2943 sit3
1425 2904 1526 2932 nam
1559 2888 1681 2941 ἄξιος
1711 2890 1854 2946 φιλεῖν
1887 2889 1928 2933 h.
1952 2905 1989 2932 e.
2014 2889 2171 2945 dignus
2204 2905 2334 2947 quem
2365 2905 2499 2942 ames,

339 2969 400 3012 ita
438 2970 622 3027 probum
660 2976 739 3027 est,
783 2976 828 3011 ut
858 2968 961 3011 licet
993 2976 1142 3011 nostro
1174 2981 1293 3011 more
1324 2966 1529 3024 loquendi
1562 2967 1804 3010 infinitivus
1836 2967 2000 3025 passivi
2033 2967 2177 3025 potius
2210 2975 2499 3026 exspectetur,

340 3048 416 3105 qui
447 3063 601 3105 graece
633 3061 805 3104 quoque
837 3052 953 3090 recte
985 3045 1118 3090 scribi
1152 3051 1331 3102 poterat,
1367 3053 1413 3088 ut
1443 3052 1510 3089 est
1539 3045 1654 3102 apud
1676 3045 1905 3089 Platonem
1939 3045 2060 3098 ἄξιος
2091 3048 2321 3103 τιμᾶσθαι,
2354 3053 2500 3090 tamen

341 3125 453 3172 nihil
497 3126 658 3169 certius
704 3126 763 3168 sit
802 3140 931 3183 quam
969 3124 1158 3167 activam
1198 3124 1382 3167 formam
1417 3123 1625 3166 infinitivi
1663 3122 1930 3166 Graecorum
1955 3117 2066 3167 'usui
2104 3125 2244 3180 magis
2277 3132 2499 3182 acceptam

340 3204 499 3260 fuisse3
533 3205 680 3262 itaque
711 3203 838 3247 Plato
870 3203 1024 3247 scribit
1053 3202 1189 3260 Legg.
1210 3215 1278 3246 ΧΠ
1308 3217 1349 3260 p.
1374 3202 1475 3258 301,
1502 3202 1557 3246 18
1588 3201 1727 3246 Bekk.

700 3281 781 3327 ἐὰν
812 3282 860 3326 δὲ
892 3281 1040 3335 ἄξιον
1071 3281 1194 3326 ὄντα
1224 3283 1286 3333 εἰς
1317 3279 1589 3339 δικαστήριον
1623 3279 1856 3335 εἰσάγειν
1893 3279 2115 3338 ἀρχόντων
2151 3282 2298 3339 μηδεὶς
2335 3282 2502 3341 εἰσάγῃ,

920 3361 1085 3412 ὄνειδος
1116 3358 1371 3406 ἀποκείσθω
1402 3369 1490 3412 τοῖς
1521 3360 1727 3417 ἄρχουσιν
1758 3360 1800 3404 h.
1825 3376 1861 3404 e.
1886 3360 2062 3418 dignum
2084 3376 2215 3419 quem
2236 3361 2438 3418 inducas3

2165 3443 2215 3479 2·
