3009 3773
1538 184 1567 231 8

460 305 639 348 Electra
670 306 907 363 respondet

1043 386 1241 435 πέποιθ’,
1272 385 1366 428 ἐπεὶ
1399 385 1479 428 τᾶν
1511 381 1564 428 οὗ
1592 383 1768 440 μακρὰν
1799 385 1907 435 ἔζων
1937 383 2024 439 ἐγώ

460 461 503 505 h.
528 477 565 506 e.
589 462 782 516 confid03
817 478 918 506 nam
946 463 1030 506 nisi
1061 462 1325 506 confiderem
1354 477 1442 506 non
1467 462 1661 506 viverem
1684 461 1772 506 diu.
1819 461 1910 508 Eos
1940 463 2055 507 enim
2084 463 2188 508 licet
2208 463 2408 507 omittere
2430 463 2506 522 qui
2527 461 2636 507 haec

460 557 547 585 non
576 540 630 585 de
658 540 802 585 futuro
833 540 909 586 sed
940 541 993 585 de
1021 541 1254 600 praeterito
1283 541 1547 600 accipientes
1577 541 1639 585 ita
1665 542 1928 586 sententiam
1957 541 2146 587 reddunt
2175 542 2303 601 quasi
2329 541 2494 586 diceret
2513 540 2635 587 ‘alio·
2675 541 2680 547 ”

461 620 566 678 quin
594 635 682 664 non
713 620 920 664 vixissem
953 618 1053 664 diu?
1099 619 1152 663 Id
1181 619 1297 678 quod
1324 627 1413 663 tam
1443 620 1640 664 oratione
1667 620 1765 678 ipsa
1795 620 2052 679 reprobatur
2079 635 2210 679 quam
2242 620 2457 665 sermonis
2489 620 2635 664 itineri

459 706 687 755 repugnat.
738 696 825 742 Sed
849 698 1096 742 Meinekius
1127 697 1238 741 falso
1271 698 1404 741 scribi
1438 696 1542 751 ἐγώ,
1574 698 1735 756 requiri
1768 695 1820 742 οὗ
1849 698 2026 755 μακρὰν
2056 699 2165 750 ἔζων
2185 699 2262 750 ἔτι,
2294 699 2382 743 sibi
2402 698 2633 756 persuasit,

461 775 739 834 disputatque
779 777 840 819 ita
877 774 1032 833 (verba
1070 776 1184 819 enim
1219 776 1312 819 eius
1345 775 1566 819 afferenda
1597 776 1695 834 ipsa
1726 774 1866 831 sunt):
1905 773 2128 820 ‘desidero
2159 775 2349 835 aliquid’
2384 777 2527 835 inquit
2556 774 2635 820 ‘ad

460 855 671 898 orationis
703 855 1015 912 integritatem.
1061 851 1300 911 Sophocles
1329 855 1424 897 sine
1453 854 1585 897 dubio
1613 855 1849 912 scripserat
1875 851 1928 898 οὗ
1946 852 2122 909 μακρὰν
2143 855 2250 907 ἔζων
2270 856 2345 898 ἔτι.
2393 855 2463 899 Ita
2483 869 2635 899 omnes

462 933 507 975 in
542 932 746 976 omnibus
768 931 931 988 linguis
954 932 1203 989 loquuntur.
1248 936 1352 975 ET!
1369 940 1413 974 et
1435 934 1545 975 ΕΓΩ
1566 931 1772 975 facillime
1802 948 1932 975 unum
1956 947 2035 990 pro
2057 932 2193 976 altero
2215 930 2463 991 ponuntur.²
2512 932 2636 976 Haec
2665 965 2673 973 .

460 1010 547 1067 ille,
583 1011 929 1069 scripturamque
962 1011 1018 1055 ab
1051 1026 1102 1055 eo
1135 1010 1402 1069 propositam
1438 1010 1640 1068 probavit
1662 1009 1886 1055 Nauckius
1919 1026 2182 1069 quamquam
2214 1027 2308 1055 eam
2340 1010 2635 1070 recipiendam

460 1106 546 1133 non
581 1088 719 1133 duxit.
784 1086 872 1143 Qui
911 1089 1060 1133 dedita
1097 1105 1229 1147 opera
1266 1088 1484 1133 refelleret
1522 1089 1723 1133 novimus
1763 1089 1981 1133 neminem
2020 1097 2064 1134 et
2095 1091 2151 1135 ab
2184 1090 2238 1134 iis
2270 1091 2344 1148 qui
2385 1090 2633 1135 criticorum

459 1168 640 1210 inventa
679 1166 891 1224 colligunt
928 1167 1230 1210 circumfertur
1262 1175 1309 1210 ut
1346 1182 1456 1224 quae
1488 1182 1595 1210 vera
1626 1182 1722 1210 esse
1761 1167 1912 1224 possit.
1978 1166 2046 1210 De
2080 1183 2164 1211 uno
2197 1183 2326 1211 versu
2362 1168 2565 1211 Electrae
2598 1167 2634 1210 si

461 1253 673 1303 ageretur,
709 1262 795 1289 non
830 1255 946 1289 esset
977 1246 1090 1304 quod
1121 1246 1258 1288 multa
1280 1246 1576 1302 loqueremur3
1610 1261 1713 1288 nam
1736 1261 1862 1289 nemo
1886 1246 2118 1301 dubitabit,
2152 1247 2258 1304 quin
2282 1248 2343 1290 ἔτι
2364 1255 2480 1290 recte
2502 1246 2636 1290 scribi

460 1326 670 1382 potuerit,
712 1340 976 1382 quamquam
1013 1325 1082 1368 vel
1121 1326 1184 1368 sic
1223 1326 1374 1382 quaeri
1413 1333 1583 1381 poterat
1619 1325 1702 1377 ἐγὼ
1743 1339 1828 1382 quo
1867 1325 1960 1367 iure
1999 1333 2256 1380 mutaretur,
2296 1326 2412 1383 quod
2449 1326 2635 1369 fortasse

459 1404 618 1448 falsum
659 1419 746 1447 non
786 1412 903 1447 esset
942 1411 986 1446 et
1016 1420 1042 1446 a
1074 1410 1204 1461 poeta
1237 1403 1492 1461 praelatum.
1550 1401 1636 1446 Sed
1672 1418 1758 1460 qua
1790 1403 1958 1446 ratione
1990 1403 2239 1447 Meinekius
2271 1420 2298 1447 a
2329 1420 2376 1447 se
2409 1405 2637 1448 inventum

462 1484 522 1526 ἔτι
554 1484 776 1526 firmatum
808 1484 891 1526 ivit
922 1498 1021 1526 cum
1055 1482 1219 1526 diceret
1246 1483 1308 1525 ita
1330 1497 1481 1525 omnes
1504 1483 1546 1524 in
1572 1482 1776 1526 omnibus
1800 1483 1961 1540 linguis
1985 1483 2117 1540 loqui,
2150 1482 2193 1526 id
2217 1483 2282 1526 illi
2306 1484 2635 1541 exploratumne

459 1561 602 1616 fuerit,
637 1576 692 1603 an
724 1560 910 1603 fortasse
942 1568 1118 1615 temere,
1154 1567 1201 1602 ut
1233 1560 1365 1602 nimis
1398 1574 1526 1616 saepe
1561 1560 1704 1602 solent
1725 1559 1879 1621 critibci,
1914 1574 2013 1603 cum
2036 1561 2121 1604 sibi
2140 1560 2270 1603 fidem
2294 1561 2444 1604 haberi
2470 1561 2633 1615 volunt,

459 1641 730 1699 incognitam
752 1656 845 1684 rem
866 1641 1172 1698 pronuntiarit,
1208 1639 1289 1683 hoc
1311 1655 1410 1683 cum
1433 1655 1535 1683 cura
1557 1640 1801 1698 quaesitum
1826 1640 1964 1698 possit
1984 1639 2149 1699 aliquid
2172 1641 2303 1684 etiam
2326 1640 2439 1685 ultra
2460 1656 2633 1685 versum

461 1718 755 1777 Sophocleum
794 1720 998 1764 utilitatis
1037 1720 1212 1764 habere.
1268 1719 1360 1763 Nos
1398 1734 1536 1777 pauca
1567 1720 1818 1777 promimus.
1874 1718 2029 1777 Itaque
2064 1719 2261 1764 videmus
2293 1721 2336 1764 in
2372 1720 2632 1765 contrariam

459 1807 628 1858 partem
661 1799 856 1842 iudicare
889 1799 1041 1842 doctos
1070 1799 1113 1842 in
1151 1813 1277 1842 versu
1300 1796 1557 1856 Supplicum
1580 1798 1681 1842 454.
1733 1795 1846 1841 Cum
1868 1798 1985 1841 enim
2006 1797 2254 1857 Euripides,
2290 1799 2328 1843 si
2347 1798 2479 1842 fidem
2502 1799 2633 1843 libro-

458 1894 555 1921 rum
589 1878 826 1936 sequimur,
861 1876 1034 1920 Thesea
1064 1877 1128 1920 ita
1161 1876 1456 1934 disputantem
1488 1875 1604 1931 facit,

886 1956 977 2001 450
1040 1957 1233 2001 κτᾶσθαι
1264 1956 1312 2000 δὲ
1344 1957 1532 2000 πλοῦτον
1563 1958 1635 2000 καὶ
1666 1959 1764 2012 βίον
1797 1959 1835 1999 τί
1867 1955 1934 2000 δεῖ
1965 1960 2141 2009 τέκνοις,

1040 2035 1099 2088 ὥς
1131 2038 1188 2096 τῷ
1222 2034 1419 2095 τυράννῳ
1453 2037 1613 2080 πλείον’
1644 2037 1840 2097 ἐκμοχθῇ
1869 2039 1981 2092 βίον,

1041 2115 1066 2169 ἢ
1097 2113 1390 2171 παρθενεύειν
1422 2114 1586 2164 παῖδας
1617 2115 1665 2157 ἐν
1697 2113 1849 2170 δόμοις
1879 2116 2038 2165 καλῶς,

1040 2194 1229 2250 τερπνὰς
1261 2193 1489 2250 τυράννοις
1521 2192 1696 2251 ἡδονάς,
1730 2194 1835 2237 ὅταν
1868 2195 1991 2252 θέλῃ,

1042 2273 1213 2331 δάκρυα
1246 2275 1284 2318 δ’
1305 2273 1596 2330 ἑτοιμάζουσι,
1627 2273 1692 2330 μὴ
1726 2272 1855 2331 ζῴην
1887 2273 1980 2325 ἔτι,

887 2353 978 2398 455
1040 2356 1080 2397 εἰ
1110 2351 1228 2410 τάμὰ
1260 2357 1387 2397 τέκνα
1420 2351 1529 2409 πρὸς
1560 2356 1664 2409 βίαν
1698 2350 1977 2409 νυμφεύεται,

460 2440 507 2474 ut
547 2434 772 2474 mittamus
810 2433 980 2489 reliqua
1017 2447 1128 2489 quae
1166 2433 1304 2474 multa
1342 2433 1387 2473 in
1421 2432 1489 2473 his
1523 2432 1722 2473 versibus
1755 2430 2069 2472 addubitantur
2100 2437 2143 2471 et
2175 2437 2504 2486 attemptantur,
2545 2445 2632 2472 non

458 2511 650 2554 tulerunt
684 2511 955 2569 particulam,
991 2510 1067 2554 sed
1100 2525 1337 2568 pronomen
1370 2516 1674 2568 poposcerunt,
1707 2507 1766 2565 μὴ
1799 2507 1910 2567 ζῴην
1942 2507 2043 2561 ἐγώ,
2076 2507 2191 2566 quod
2224 2508 2280 2551 ab
2302 2507 2532 2565 Hartungo
2565 2523 2633 2551 ac·
2702 2504 2705 2507 ’

460 2597 633 2648 ceptum
650 2588 1019 2633 Wilamowitzius
1052 2589 1169 2633 edita
1201 2589 1282 2632 hac
1314 2589 1464 2632 fabula
1494 2589 1537 2631 in
1563 2588 1790 2632 Analectis
1812 2587 2064 2646 Euripideis
2098 2602 2138 2645 p.
2162 2587 2220 2631 98
2253 2587 2297 2630 in
2331 2594 2452 2630 textu
2474 2588 2631 2645 posuit.

459 2671 557 2714 Non
598 2671 897 2728 vituperamus
937 2685 1195 2727 pronomen,
1235 2684 1500 2727 quamquam
1533 2668 1796 2724 ambigimus
1830 2682 1960 2725 quam
1995 2674 2110 2709 recte
2144 2667 2358 2724 particula
2390 2676 2631 2724 respuatur.

458 2749 571 2792 Nam
605 2749 690 2793 etsi
722 2748 991 2792 discriminis
1024 2747 1233 2806 quiddam
1267 2748 1453 2791 sentitur
1485 2747 1630 2805 posita
1661 2755 1735 2789 aut
1767 2745 1972 2804 adempta
2003 2745 2218 2803 particula
2239 2744 2481 2802 temporali,
2516 2745 2632 2803 quod

458 2843 596 2885 genus
628 2828 761 2871 etiam
790 2826 877 2871 Dio
901 2824 1244 2884 Chrysostomus
1277 2825 1330 2869 de
1354 2824 1607 2870 Alexandro
1641 2824 1795 2869 scribit
1824 2825 1866 2879 4,
1900 2824 1959 2868 49
1992 2820 2093 2868 οὐδὲ
2123 2824 2208 2879 γὰρ
2241 2823 2314 2879 ζῆν
2345 2821 2564 2879 ἐβούλετο,
2595 2825 2635 2868 εἰ

457 2906 516 2964 μὴ
545 2904 749 2962 βασιλεὺς
779 2908 844 2962 εἴη
877 2907 947 2962 τῆς
969 2902 1180 2961 Εὐρώπης
1211 2906 1283 2947 καὶ
1315 2905 1386 2961 τῆς
1399 2900 1551 2954 Ἀσίας
1582 2904 1672 2954 κτλ,
1705 2902 1781 2947 sed
1815 2902 1928 2946 idem
1962 2901 2014 2945 de
2036 2900 2213 2946 Achille
2238 2902 2306 2957 11,
2334 2901 2414 2945 101
2442 2903 2634 2958 καὶπερὶ

458 2987 533 3030 τοῦ
567 2983 822 3040 Πατρόκλου
853 2985 1086 3040 ἐτύγχανεν
1118 2980 1312 3040 ἀκηκοὼς
1344 2984 1414 3039 τῆς
1445 2981 1614 3040 μητρός,
1650 2980 1701 3025 ὅν
1733 2994 1864 3039 φησιν
1895 2982 1943 3025 ἐν
1971 2984 2048 3037 ἴσῳ
2072 2981 2119 3042 τῇ
2140 2980 2297 3024 ἑαυτοῦ
2316 2982 2484 3041 κεφαλῇ
2505 2982 2634 3037 τιμᾶν

458 3067 531 3107 καὶ
561 3063 671 3121 μηδὲ
703 3060 830 3113 αὐτὸς
863 3063 924 3106 ἔτι
954 3060 1198 3118 βούλεσθαι
1231 3061 1303 3117 ζῆν
1333 3061 1497 3104 ἐκείνου
1528 3058 1852 3110 ἀποθανόντος,
1886 3066 2031 3102 tamen
2054 3059 2137 3102 hoc
2159 3058 2370 3116 quidquid
2394 3066 2461 3102 est
2482 3058 2632 3102 discri-

458 3143 590 3194 minis
628 3143 691 3186 ita
723 3147 1021 3201 comparatum
1061 3140 1296 3195 habemus,
1339 3146 1385 3182 ut
1423 3139 1603 3183 arbitrio
1637 3138 1861 3197 scriptoris
1900 3136 2234 3196 relinquendum
2267 3136 2479 3181 videatur.
2543 3135 2631 3181 Sed

459 3223 656 3282 Oedipus
690 3238 800 3281 quae
834 3221 941 3266 dicit
971 3222 1018 3265 in
1050 3218 1283 3279 Sophoclis
1317 3218 1487 3277 Oedipo
1522 3217 1717 3263 Coloneo
1753 3218 1870 3264 1366
1948 3245 1951 3249 ›

1039 3302 1079 3344 εἰ
1110 3300 1150 3344 δ’
1172 3301 1364 3357 ἓξέφυσα
1399 3297 1530 3343 τάσδε
1560 3297 1619 3355 μὴ
1640 3299 1802 3355 ’μαυτῷ
1835 3296 2023 3354 τροφοὺς

1043 3379 1121 3430 τὰς
1154 3379 1332 3429 παῖδας,
1366 3377 1391 3434 ἦ
1423 3378 1504 3422 τᾶν
1535 3373 1613 3422 οὐκ
1644 3378 1702 3421 ἂν
1734 3375 1770 3434 ἦ,
1805 3377 1852 3421 τὸ
1884 3376 1962 3421 σὸν
1991 3380 2137 3433 μέρος,
