<?xml version="1.0" encoding="UTF-8"?>
<!DOCTYPE html PUBLIC "-//W3C//DTD XHTML 1.0 Transitional//EN"
    "http://www.w3.org/TR/xhtml1/DTD/xhtml1-transitional.dtd">
<html xmlns="http://www.w3.org/1999/xhtml" xml:lang="en" lang="en">
 <head>
  <title>
</title>
<meta http-equiv="Content-Type" content="text/html;charset=utf-8" />
  <meta name='ocr-system' content='tesseract 3.04.00' />
  <meta name='ocr-capabilities' content='ocr_page ocr_carea ocr_par ocr_line ocrx_word'/>
</head>
<body>
  <div class='ocr_page' id='page_1' title='image "4767257_0019.png"; bbox 0 0 3009 3773; ppageno 0'>
   <div class='ocr_carea' id='block_1_1' title="bbox 1406 179 1435 226">
    <p class='ocr_par' dir='ltr' id='par_1_1' title="bbox 1406 179 1435 226">
     <span class='ocr_line' id='line_1_1' title="bbox 1406 179 1435 226; baseline 0 0"><span class='ocrx_word' id='word_1_1' title='bbox 1406 179 1435 226; x_wconf 87' lang='grc'><strong>9</strong></span> 
     </span>
    </p>
   </div>
   <div class='ocr_carea' id='block_1_2' title="bbox 341 297 2507 3424">
    <p class='ocr_par' dir='ltr' id='par_1_2' title="bbox 341 297 2507 3424">
     <span class='ocr_line' id='line_1_2' title="bbox 342 297 2501 358; baseline -0.001 -12"><span class='ocrx_word' id='word_1_2' title='bbox 342 317 441 346; x_wconf 89' lang='lat' dir='ltr'>cum</span> <span class='ocrx_word' id='word_1_3' title='bbox 471 301 691 358; x_wconf 84' lang='lat' dir='ltr'>intelligat</span> <span class='ocrx_word' id='word_1_4' title='bbox 720 297 859 346; x_wconf 70' lang='grc' dir='ltr'><strong><em>οὐκέτι</em></strong></span> <span class='ocrx_word' id='word_1_5' title='bbox 888 302 946 345; x_wconf 82' lang='grc' dir='ltr'>ἂν</span> <span class='ocrx_word' id='word_1_6' title='bbox 975 298 1039 358; x_wconf 83' lang='grc' dir='ltr'>ἦν,</span> <span class='ocrx_word' id='word_1_7' title='bbox 1076 301 1164 345; x_wconf 84' lang='lat' dir='ltr'>iam</span> <span class='ocrx_word' id='word_1_8' title='bbox 1195 300 1392 345; x_wconf 84' lang='lat' dir='ltr'>subsidio</span> <span class='ocrx_word' id='word_1_9' title='bbox 1424 316 1520 345; x_wconf 89' lang='lat' dir='ltr'>esse</span> <span class='ocrx_word' id='word_1_10' title='bbox 1552 301 1696 346; x_wconf 81' lang='lat' dir='ltr'>versui</span> <span class='ocrx_word' id='word_1_11' title='bbox 1727 300 1928 345; x_wconf 79' lang='lat' dir='ltr'>Electrae</span> <span class='ocrx_word' id='word_1_12' title='bbox 1967 308 2150 358; x_wconf 81' lang='lat' dir='ltr'>possunt</span> <span class='ocrx_word' id='word_1_13' title='bbox 2185 317 2241 345; x_wconf 90' lang='lat' dir='ltr'>ne</span> <span class='ocrx_word' id='word_1_14' title='bbox 2272 301 2333 345; x_wconf 82' lang='grc' dir='ltr'>ἔτι</span> <span class='ocrx_word' id='word_1_15' title='bbox 2363 301 2501 344; x_wconf 82' lang='lat' dir='ltr'>invito</span> 
     </span>
     <span class='ocr_line' id='line_1_3' title="bbox 341 377 2503 439; baseline -0.001 -14"><span class='ocrx_word' id='word_1_16' title='bbox 341 387 494 439; x_wconf 80' lang='lat' dir='ltr'>poetae</span> <span class='ocrx_word' id='word_1_17' title='bbox 515 378 813 424; x_wconf 87' lang='lat' dir='ltr'>obtrudamus.</span> <span class='ocrx_word' id='word_1_18' title='bbox 846 378 960 423; x_wconf 83' lang='lat' dir='ltr'>Nam</span> <span class='ocrx_word' id='word_1_19' title='bbox 983 379 1020 424; x_wconf 89' lang='lat' dir='ltr'>si</span> <span class='ocrx_word' id='word_1_20' title='bbox 1043 379 1142 437; x_wconf 90' lang='lat' dir='ltr'>quis</span> <span class='ocrx_word' id='word_1_21' title='bbox 1164 394 1261 424; x_wconf 85' lang='lat' dir='ltr'>eam</span> <span class='ocrx_word' id='word_1_22' title='bbox 1282 378 1540 437; x_wconf 72' lang='lat' dir='ltr'>particulam</span> <span class='ocrx_word' id='word_1_23' title='bbox 1561 378 1725 436; x_wconf 86' lang='lat' dir='ltr'>requiri</span> <span class='ocrx_word' id='word_1_24' title='bbox 1747 386 1923 423; x_wconf 90' lang='lat' dir='ltr'>censeat</span> <span class='ocrx_word' id='word_1_25' title='bbox 1943 386 2172 437; x_wconf 85' lang='lat' dir='ltr'>propterea</span> <span class='ocrx_word' id='word_1_26' title='bbox 2192 378 2309 437; x_wconf 88' lang='lat' dir='ltr'>quod</span> <span class='ocrx_word' id='word_1_27' title='bbox 2329 377 2503 436; x_wconf 83' lang='grc' dir='ltr'><strong><em>μακρὰν</em></strong></span> 
     </span>
     <span class='ocr_line' id='line_1_4' title="bbox 341 456 2501 517; baseline -0.001 -14"><span class='ocrx_word' id='word_1_28' title='bbox 341 459 502 503; x_wconf 83' lang='lat' dir='ltr'>habeat</span> <span class='ocrx_word' id='word_1_29' title='bbox 531 457 750 502; x_wconf 85' lang='lat' dir='ltr'>notionem</span> <span class='ocrx_word' id='word_1_30' title='bbox 784 456 1065 517; x_wconf 75' lang='lat' dir='ltr'><strong>temporalem</strong></span> <span class='ocrx_word' id='word_1_31' title='bbox 1096 464 1141 502; x_wconf 90' lang='lat' dir='ltr'>et</span> <span class='ocrx_word' id='word_1_32' title='bbox 1170 457 1402 501; x_wconf 87' lang='lat' dir='ltr'>terminum</span> <span class='ocrx_word' id='word_1_33' title='bbox 1440 457 1636 514; x_wconf 83' lang='lat' dir='ltr'>definiat,</span> <span class='ocrx_word' id='word_1_34' title='bbox 1673 472 1869 502; x_wconf 83' lang='lat' dir='ltr'>veremur</span> <span class='ocrx_word' id='word_1_35' title='bbox 1900 473 1955 501; x_wconf 89' lang='lat' dir='ltr'>ne</span> <span class='ocrx_word' id='word_1_36' title='bbox 1986 473 2075 501; x_wconf 90' lang='lat' dir='ltr'>non</span> <span class='ocrx_word' id='word_1_37' title='bbox 2106 463 2223 501; x_wconf 86' lang='lat' dir='ltr'>recte</span> <span class='ocrx_word' id='word_1_38' title='bbox 2254 457 2430 513; x_wconf 89' lang='lat' dir='ltr'>iudicet,</span> <span class='ocrx_word' id='word_1_39' title='bbox 2464 457 2501 501; x_wconf 90' lang='lat' dir='ltr'>si</span> 
     </span>
     <span class='ocr_line' id='line_1_5' title="bbox 341 531 2504 596; baseline -0 -15"><span class='ocrx_word' id='word_1_40' title='bbox 341 535 516 596; x_wconf 87' lang='lat' dir='ltr'>quidem</span> <span class='ocrx_word' id='word_1_41' title='bbox 539 542 582 581; x_wconf 84' lang='lat' dir='ltr'>et</span> <span class='ocrx_word' id='word_1_42' title='bbox 603 533 759 581; x_wconf 80' lang='lat' dir='ltr'>Cicero</span> <span class='ocrx_word' id='word_1_43' title='bbox 781 533 995 581; x_wconf 85' lang='lat' dir='ltr'>Catonem</span> <span class='ocrx_word' id='word_1_44' title='bbox 1027 533 1090 593; x_wconf 80' lang='lat'>(7,</span> <span class='ocrx_word' id='word_1_45' title='bbox 1114 531 1192 591; x_wconf 78' lang='lat'>24)</span> <span class='ocrx_word' id='word_1_46' title='bbox 1222 535 1286 580; x_wconf 81' lang='lat' dir='ltr'>ita</span> <span class='ocrx_word' id='word_1_47' title='bbox 1305 534 1556 594; x_wconf 88' lang='lat' dir='ltr'>loquentem</span> <span class='ocrx_word' id='word_1_48' title='bbox 1575 535 1682 580; x_wconf 86' lang='lat' dir='ltr'>facit</span> <span class='ocrx_word' id='word_1_49' title='bbox 1711 551 1833 580; x_wconf 78' lang='lat' dir='ltr'>nemo</span> <span class='ocrx_word' id='word_1_50' title='bbox 1855 537 1968 580; x_wconf 77' lang='lat' dir='ltr'>enim</span> <span class='ocrx_word' id='word_1_51' title='bbox 1999 544 2061 580; x_wconf 72' lang='lat' dir='ltr'>eat</span> <span class='ocrx_word' id='word_1_52' title='bbox 2079 544 2167 580; x_wconf 79' lang='lat' dir='ltr'>tam</span> <span class='ocrx_word' id='word_1_53' title='bbox 2187 551 2327 590; x_wconf 69' lang='lat' dir='ltr'>senex,</span> <span class='ocrx_word' id='word_1_54' title='bbox 2357 537 2436 594; x_wconf 78' lang='lat' dir='ltr'>qui</span> <span class='ocrx_word' id='word_1_55' title='bbox 2459 550 2504 580; x_wconf 72' lang='lat' dir='ltr'>se</span> 
     </span>
     <span class='ocr_line' id='line_1_6' title="bbox 341 612 2505 674; baseline -0.001 -14"><span class='ocrx_word' id='word_1_56' title='bbox 341 630 503 660; x_wconf 77' lang='lat' dir='ltr'>annum</span> <span class='ocrx_word' id='word_1_57' title='bbox 522 629 610 659; x_wconf 80' lang='lat' dir='ltr'>non</span> <span class='ocrx_word' id='word_1_58' title='bbox 626 622 747 674; x_wconf 76' lang='lat' dir='ltr'>putet</span> <span class='ocrx_word' id='word_1_59' title='bbox 760 628 890 674; x_wconf 68' lang='lat' dir='ltr'>poue</span> <span class='ocrx_word' id='word_1_60' title='bbox 909 616 1060 669; x_wconf 76' lang='lat' dir='ltr'>vivere,</span> <span class='ocrx_word' id='word_1_61' title='bbox 1088 621 1133 657; x_wconf 90' lang='lat' dir='ltr'>et</span> <span class='ocrx_word' id='word_1_62' title='bbox 1153 612 1267 672; x_wconf 86' lang='lat' dir='ltr'>apud</span> <span class='ocrx_word' id='word_1_63' title='bbox 1290 620 1507 658; x_wconf 75' lang='lat' dir='ltr'><strong>nostrates</strong></span> <span class='ocrx_word' id='word_1_64' title='bbox 1524 612 1736 658; x_wconf 85' lang='lat' dir='ltr'>Goethius</span> <span class='ocrx_word' id='word_1_65' title='bbox 1758 629 1847 658; x_wconf 92' lang='lat' dir='ltr'>non</span> <span class='ocrx_word' id='word_1_66' title='bbox 1869 614 2010 658; x_wconf 87' lang='lat' dir='ltr'>solum</span> <span class='ocrx_word' id='word_1_67' title='bbox 2026 613 2236 658; x_wconf 82' lang='lat' dir='ltr'>Faustum</span> <span class='ocrx_word' id='word_1_68' title='bbox 2259 614 2312 658; x_wconf 90' lang='lat' dir='ltr'>de</span> <span class='ocrx_word' id='word_1_69' title='bbox 2333 613 2505 658; x_wconf 84' lang='lat' dir='ltr'>Helena</span> 
     </span>
     <span class='ocr_line' id='line_1_7' title="bbox 773 691 2056 751; baseline -0.001 -14"><span class='ocrx_word' id='word_1_70' title='bbox 773 693 879 737; x_wconf 68' lang='lat' dir='ltr'>Num</span> <span class='ocrx_word' id='word_1_71' title='bbox 907 694 967 736; x_wconf 72' lang='lat' dir='ltr'>iet</span> <span class='ocrx_word' id='word_1_72' title='bbox 994 694 1108 736; x_wconf 75' lang='lat' dir='ltr'>mein</span> <span class='ocrx_word' id='word_1_73' title='bbox 1140 691 1267 746; x_wconf 63' lang='lat' dir='ltr'>Sim»,</span> <span class='ocrx_word' id='word_1_74' title='bbox 1298 694 1410 736; x_wconf 75' lang='lat' dir='ltr'>mein</span> <span class='ocrx_word' id='word_1_75' title='bbox 1451 692 1597 736; x_wconf 72' lang='lat' dir='ltr'>Weeen</span> <span class='ocrx_word' id='word_1_76' title='bbox 1626 701 1768 751; x_wconf 63' lang='grc' dir='ltr'><strong><em>πνοῆς</em></strong></span> <span class='ocrx_word' id='word_1_77' title='bbox 1798 693 2056 750; x_wconf 68' lang='grc' dir='ltr'><strong><em>απιῘαηρεης</em></strong></span> 
     </span>
     <span class='ocr_line' id='line_1_8' title="bbox 775 771 1855 832; baseline 0 -16"><span class='ocrx_word' id='word_1_78' title='bbox 775 773 851 816; x_wconf 72' lang='lat' dir='ltr'>Iol·</span> <span class='ocrx_word' id='word_1_79' title='bbox 882 771 969 816; x_wconf 73' lang='lat' dir='ltr'>lehc</span> <span class='ocrx_word' id='word_1_80' title='bbox 996 771 1124 828; x_wconf 74' lang='lat' dir='ltr'>nicht,</span> <span class='ocrx_word' id='word_1_81' title='bbox 1159 771 1276 815; x_wconf 78' lang='lat' dir='ltr'>kann</span> <span class='ocrx_word' id='word_1_82' title='bbox 1303 771 1374 815; x_wconf 71' lang='lat' dir='ltr'>ich</span> <span class='ocrx_word' id='word_1_83' title='bbox 1402 774 1464 815; x_wconf 75' lang='lat' dir='ltr'>eie</span> <span class='ocrx_word' id='word_1_84' title='bbox 1492 772 1611 816; x_wconf 75' lang='lat' dir='ltr'>nicht</span> <span class='ocrx_word' id='word_1_85' title='bbox 1639 773 1855 832; x_wconf 63' lang='lat' dir='ltr'>erlangen,</span> 
     </span>
     <span class='ocr_line' id='line_1_9' title="bbox 343 841 2001 908; baseline 0 -14"><span class='ocrx_word' id='word_1_86' title='bbox 343 851 420 895; x_wconf 88' lang='lat' dir='ltr'>sed</span> <span class='ocrx_word' id='word_1_87' title='bbox 452 851 581 894; x_wconf 85' lang='lat' dir='ltr'>etiam</span> <span class='ocrx_word' id='word_1_88' title='bbox 612 841 767 894; x_wconf 56' lang='lat' dir='ltr'>&#39;addita</span> <span class='ocrx_word' id='word_1_89' title='bbox 796 851 974 895; x_wconf 86' lang='lat' dir='ltr'>notione</span> <span class='ocrx_word' id='word_1_90' title='bbox 1004 850 1213 908; x_wconf 90' lang='lat' dir='ltr'>temporis</span> <span class='ocrx_word' id='word_1_91' title='bbox 1244 850 1290 893; x_wconf 90' lang='lat' dir='ltr'>in</span> <span class='ocrx_word' id='word_1_92' title='bbox 1322 849 1472 893; x_wconf 88' lang='lat' dir='ltr'>eadem</span> <span class='ocrx_word' id='word_1_93' title='bbox 1506 850 1732 908; x_wconf 73' lang='lat' dir='ltr'><strong>tragoedia</strong></span> <span class='ocrx_word' id='word_1_94' title='bbox 1763 851 2001 894; x_wconf 86' lang='lat' dir='ltr'>veneficam</span> 
     </span>
     <span class='ocr_line' id='line_1_10' title="bbox 775 916 1758 986; baseline 0.001 -15"><span class='ocrx_word' id='word_1_95' title='bbox 775 927 852 971; x_wconf 83' lang='grc' dir='ltr'><strong><em>ΙοΙι</em></strong></span> <span class='ocrx_word' id='word_1_96' title='bbox 881 927 974 972; x_wconf 75' lang='lat' dir='ltr'>will</span> <span class='ocrx_word' id='word_1_97' title='bbox 1003 927 1106 972; x_wconf 75' lang='lat' dir='ltr'>euch</span> <span class='ocrx_word' id='word_1_98' title='bbox 1133 916 1246 985; x_wconf 23' lang='lat' dir='ltr'>qm*</span> <span class='ocrx_word' id='word_1_99' title='bbox 1271 928 1342 971; x_wconf 74' lang='lat' dir='ltr'>ein</span> <span class='ocrx_word' id='word_1_100' title='bbox 1374 926 1586 972; x_wconf 67' lang='lat' dir='ltr'>Gldechen</span> <span class='ocrx_word' id='word_1_101' title='bbox 1613 928 1758 986; x_wconf 75' lang='lat' dir='ltr'>qeben.</span> 
     </span>
     <span class='ocr_line' id='line_1_11' title="bbox 777 1005 1977 1061; baseline 0 -10"><span class='ocrx_word' id='word_1_102' title='bbox 777 1005 903 1051; x_wconf 72' lang='lat' dir='ltr'>Doch</span> <span class='ocrx_word' id='word_1_103' title='bbox 932 1021 1054 1051; x_wconf 73' lang='lat' dir='ltr'>wenn</span> <span class='ocrx_word' id='word_1_104' title='bbox 1085 1021 1128 1050; x_wconf 77' lang='lat' dir='ltr'>ee</span> <span class='ocrx_word' id='word_1_105' title='bbox 1159 1006 1298 1051; x_wconf 67' lang='lat' dir='ltr'>dieser</span> <span class='ocrx_word' id='word_1_106' title='bbox 1328 1006 1466 1050; x_wconf 65' lang='lat' dir='ltr'>Mami</span> <span class='ocrx_word' id='word_1_107' title='bbox 1496 1005 1804 1051; x_wconf 75' lang='lat' dir='ltr'>unvorbereitet</span> <span class='ocrx_word' id='word_1_108' title='bbox 1833 1007 1977 1061; x_wconf 77' lang='lat' dir='ltr'>tn&#39;nkt,</span> 
     </span>
     <span class='ocr_line' id='line_1_12' title="bbox 777 1085 2109 1142; baseline 0 -11"><span class='ocrx_word' id='word_1_109' title='bbox 777 1085 837 1131; x_wconf 88' lang='lat' dir='ltr'>So</span> <span class='ocrx_word' id='word_1_110' title='bbox 871 1086 985 1131; x_wconf 79' lang='lat' dir='ltr'>kann</span> <span class='ocrx_word' id='word_1_111' title='bbox 1015 1102 1076 1142; x_wconf 80' lang='lat' dir='ltr'>er,</span> <span class='ocrx_word' id='word_1_112' title='bbox 1097 1088 1228 1140; x_wconf 15' lang='lat' dir='ltr'>&gt;micet</span> <span class='ocrx_word' id='word_1_113' title='bbox 1255 1086 1327 1131; x_wconf 65' lang='lat' dir='ltr'>ilar</span> <span class='ocrx_word' id='word_1_114' title='bbox 1357 1086 1480 1142; x_wconf 76' lang='lat' dir='ltr'>wohl,</span> <span class='ocrx_word' id='word_1_115' title='bbox 1512 1087 1631 1132; x_wconf 73' lang='lat' dir='ltr'>nicht</span> <span class='ocrx_word' id='word_1_116' title='bbox 1660 1089 1752 1131; x_wconf 77' lang='lat' dir='ltr'>eine</span> <span class='ocrx_word' id='word_1_117' title='bbox 1785 1086 1947 1131; x_wconf 77' lang='lat' dir='ltr'>Stunde</span> <span class='ocrx_word' id='word_1_118' title='bbox 1979 1086 2109 1131; x_wconf 79' lang='lat' dir='ltr'>leben.</span> 
     </span>
     <span class='ocr_line' id='line_1_13' title="bbox 344 1163 2505 1223; baseline -0 -16"><span class='ocrx_word' id='word_1_119' title='bbox 344 1163 516 1219; x_wconf 82' lang='lat' dir='ltr'>Quibus</span> <span class='ocrx_word' id='word_1_120' title='bbox 549 1164 760 1221; x_wconf 86' lang='lat' dir='ltr'>exemplis</span> <span class='ocrx_word' id='word_1_121' title='bbox 793 1165 992 1208; x_wconf 87' lang='lat' dir='ltr'>consulto</span> <span class='ocrx_word' id='word_1_122' title='bbox 1025 1164 1277 1223; x_wconf 86' lang='lat' dir='ltr'>compositis</span> <span class='ocrx_word' id='word_1_123' title='bbox 1308 1172 1479 1208; x_wconf 86' lang='lat' dir='ltr'>tantum</span> <span class='ocrx_word' id='word_1_124' title='bbox 1510 1165 1772 1222; x_wconf 82' lang='lat' dir='ltr'>patefactum</span> <span class='ocrx_word' id='word_1_125' title='bbox 1806 1173 1890 1220; x_wconf 88' lang='lat' dir='ltr'>est,</span> <span class='ocrx_word' id='word_1_126' title='bbox 1926 1165 2194 1209; x_wconf 84' lang='lat' dir='ltr'>Meinekium</span> <span class='ocrx_word' id='word_1_127' title='bbox 2225 1165 2272 1208; x_wconf 91' lang='lat' dir='ltr'>in</span> <span class='ocrx_word' id='word_1_128' title='bbox 2305 1180 2356 1208; x_wconf 93' lang='lat' dir='ltr'>eo</span> <span class='ocrx_word' id='word_1_129' title='bbox 2388 1163 2505 1222; x_wconf 90' lang='lat' dir='ltr'>quod</span> 
     </span>
     <span class='ocr_line' id='line_1_14' title="bbox 344 1243 2504 1303; baseline 0 -16"><span class='ocrx_word' id='word_1_130' title='bbox 344 1245 397 1288; x_wconf 87' lang='lat' dir='ltr'>dc</span> <span class='ocrx_word' id='word_1_131' title='bbox 421 1244 632 1288; x_wconf 89' lang='lat' dir='ltr'>‘omnium</span> <span class='ocrx_word' id='word_1_132' title='bbox 654 1243 911 1301; x_wconf 80' lang='lat' dir='ltr'>linguarum&#39;</span> <span class='ocrx_word' id='word_1_133' title='bbox 942 1260 1023 1288; x_wconf 89' lang='lat' dir='ltr'>usu</span> <span class='ocrx_word' id='word_1_134' title='bbox 1043 1245 1237 1289; x_wconf 82' lang='lat' dir='ltr'>iactabat</span> <span class='ocrx_word' id='word_1_135' title='bbox 1257 1247 1392 1289; x_wconf 83' lang='lat' dir='ltr'>multo</span> <span class='ocrx_word' id='word_1_136' title='bbox 1414 1245 1512 1303; x_wconf 86' lang='lat' dir='ltr'>plus</span> <span class='ocrx_word' id='word_1_137' title='bbox 1533 1245 1775 1303; x_wconf 87' lang='lat' dir='ltr'>professum</span> <span class='ocrx_word' id='word_1_138' title='bbox 1797 1261 1894 1289; x_wconf 89' lang='lat' dir='ltr'>esse</span> <span class='ocrx_word' id='word_1_139' title='bbox 1916 1261 2045 1303; x_wconf 88' lang='lat' dir='ltr'>quam</span> <span class='ocrx_word' id='word_1_140' title='bbox 2068 1252 2289 1303; x_wconf 82' lang='lat' dir='ltr'>praestare</span> <span class='ocrx_word' id='word_1_141' title='bbox 2317 1252 2504 1302; x_wconf 82' lang='lat' dir='ltr'>poterat3</span> 
     </span>
     <span class='ocr_line' id='line_1_15' title="bbox 343 1322 2506 1380; baseline 0 -15"><span class='ocrx_word' id='word_1_142' title='bbox 343 1323 418 1380; x_wconf 85' lang='lat' dir='ltr'>qui</span> <span class='ocrx_word' id='word_1_143' title='bbox 440 1322 616 1380; x_wconf 90' lang='lat' dir='ltr'>quidem</span> <span class='ocrx_word' id='word_1_144' title='bbox 638 1323 779 1376; x_wconf 90' lang='lat' dir='ltr'>nobis,</span> <span class='ocrx_word' id='word_1_145' title='bbox 813 1322 930 1380; x_wconf 89' lang='lat' dir='ltr'>quod</span> <span class='ocrx_word' id='word_1_146' title='bbox 953 1338 1082 1380; x_wconf 84' lang='lat' dir='ltr'>saepe</span> <span class='ocrx_word' id='word_1_147' title='bbox 1105 1324 1234 1366; x_wconf 84' lang='lat' dir='ltr'>etiam</span> <span class='ocrx_word' id='word_1_148' title='bbox 1266 1324 1310 1366; x_wconf 91' lang='lat' dir='ltr'>in</span> <span class='ocrx_word' id='word_1_149' title='bbox 1343 1323 1580 1380; x_wconf 85' lang='lat' dir='ltr'>praeclaris</span> <span class='ocrx_word' id='word_1_150' title='bbox 1602 1323 1766 1366; x_wconf 82' lang='lat' dir='ltr'>criticis</span> <span class='ocrx_word' id='word_1_151' title='bbox 1787 1324 2020 1367; x_wconf 82' lang='lat' dir='ltr'>observare</span> <span class='ocrx_word' id='word_1_152' title='bbox 2047 1323 2161 1378; x_wconf 87' lang='lat' dir='ltr'>licet,</span> <span class='ocrx_word' id='word_1_153' title='bbox 2195 1323 2317 1366; x_wconf 79' lang='lat' dir='ltr'>nulla</span> <span class='ocrx_word' id='word_1_154' title='bbox 2347 1339 2393 1366; x_wconf 91' lang='lat' dir='ltr'>re</span> <span class='ocrx_word' id='word_1_155' title='bbox 2419 1322 2506 1365; x_wconf 90' lang='lat' dir='ltr'>nisi</span> 
     </span>
     <span class='ocr_line' id='line_1_16' title="bbox 344 1401 2506 1460; baseline 0 -16"><span class='ocrx_word' id='word_1_156' title='bbox 344 1401 513 1458; x_wconf 86' lang='lat' dir='ltr'>vulgari</span> <span class='ocrx_word' id='word_1_157' title='bbox 545 1409 723 1445; x_wconf 88' lang='lat' dir='ltr'>nostra</span> <span class='ocrx_word' id='word_1_158' title='bbox 755 1401 929 1445; x_wconf 89' lang='lat' dir='ltr'>dicendi</span> <span class='ocrx_word' id='word_1_159' title='bbox 955 1402 1268 1445; x_wconf 89' lang='lat' dir='ltr'>consuetudine</span> <span class='ocrx_word' id='word_1_160' title='bbox 1290 1401 1445 1445; x_wconf 88' lang='lat' dir='ltr'>ductus</span> <span class='ocrx_word' id='word_1_161' title='bbox 1468 1401 1651 1457; x_wconf 88' lang='lat' dir='ltr'>videtur,</span> <span class='ocrx_word' id='word_1_162' title='bbox 1686 1417 1795 1460; x_wconf 90' lang='lat' dir='ltr'>quae</span> <span class='ocrx_word' id='word_1_163' title='bbox 1819 1403 1862 1445; x_wconf 91' lang='lat' dir='ltr'>in</span> <span class='ocrx_word' id='word_1_164' title='bbox 1886 1402 1968 1445; x_wconf 90' lang='lat' dir='ltr'>hoc</span> <span class='ocrx_word' id='word_1_165' title='bbox 1989 1417 2147 1459; x_wconf 81' lang='lat' dir='ltr'>genere</span> <span class='ocrx_word' id='word_1_166' title='bbox 2168 1401 2375 1459; x_wconf 88' lang='lat' dir='ltr'>loquendi</span> <span class='ocrx_word' id='word_1_167' title='bbox 2398 1401 2506 1444; x_wconf 80' lang='lat' dir='ltr'>mul-</span> 
     </span>
     <span class='ocr_line' id='line_1_17' title="bbox 344 1479 2504 1538; baseline -0 -15"><span class='ocrx_word' id='word_1_168' title='bbox 344 1480 487 1537; x_wconf 86' lang='lat' dir='ltr'>tisque</span> <span class='ocrx_word' id='word_1_169' title='bbox 509 1479 727 1523; x_wconf 84' lang='lat' dir='ltr'>similibus</span> <span class='ocrx_word' id='word_1_170' title='bbox 749 1479 985 1537; x_wconf 84' lang='lat' dir='ltr'>particulas</span> <span class='ocrx_word' id='word_1_171' title='bbox 1006 1479 1280 1538; x_wconf 83' lang='lat' dir='ltr'>frequentare</span> <span class='ocrx_word' id='word_1_172' title='bbox 1302 1479 1425 1535; x_wconf 88' lang='lat' dir='ltr'>solet,</span> <span class='ocrx_word' id='word_1_173' title='bbox 1455 1480 1612 1538; x_wconf 89' lang='lat' dir='ltr'>quibus</span> <span class='ocrx_word' id='word_1_174' title='bbox 1635 1488 1804 1524; x_wconf 84' lang='lat' dir='ltr'>veteres</span> <span class='ocrx_word' id='word_1_175' title='bbox 1827 1480 2001 1537; x_wconf 87' lang='lat' dir='ltr'>saepius</span> <span class='ocrx_word' id='word_1_176' title='bbox 2024 1479 2223 1524; x_wconf 84' lang='lat' dir='ltr'>videmus</span> <span class='ocrx_word' id='word_1_177' title='bbox 2245 1480 2504 1537; x_wconf 88' lang='lat' dir='ltr'>pepercisse.</span> 
     </span>
     <span class='ocr_line' id='line_1_18' title="bbox 345 1557 2507 1616; baseline 0 -16"><span class='ocrx_word' id='word_1_178' title='bbox 345 1557 473 1612; x_wconf 82' lang='lat' dir='ltr'>Quod</span> <span class='ocrx_word' id='word_1_179' title='bbox 492 1572 622 1615; x_wconf 88' lang='lat' dir='ltr'>quam</span> <span class='ocrx_word' id='word_1_180' title='bbox 647 1572 794 1600; x_wconf 87' lang='lat' dir='ltr'>verum</span> <span class='ocrx_word' id='word_1_181' title='bbox 812 1558 870 1601; x_wconf 89' lang='lat' dir='ltr'>sit</span> <span class='ocrx_word' id='word_1_182' title='bbox 890 1558 1105 1615; x_wconf 76' lang='lat' dir='ltr'>intelliget</span> <span class='ocrx_word' id='word_1_183' title='bbox 1121 1559 1194 1616; x_wconf 87' lang='lat' dir='ltr'>qui</span> <span class='ocrx_word' id='word_1_184' title='bbox 1218 1558 1288 1601; x_wconf 84' lang='lat' dir='ltr'>vel</span> <span class='ocrx_word' id='word_1_185' title='bbox 1305 1558 1412 1601; x_wconf 89' lang='lat' dir='ltr'>haec</span> <span class='ocrx_word' id='word_1_186' title='bbox 1428 1573 1540 1616; x_wconf 87' lang='lat' dir='ltr'>quae</span> <span class='ocrx_word' id='word_1_187' title='bbox 1562 1558 1675 1601; x_wconf 88' lang='lat' dir='ltr'>infra</span> <span class='ocrx_word' id='word_1_188' title='bbox 1691 1559 1834 1615; x_wconf 85' lang='lat' dir='ltr'>posita</span> <span class='ocrx_word' id='word_1_189' title='bbox 1851 1565 1953 1601; x_wconf 92' lang='lat' dir='ltr'>sunt</span> <span class='ocrx_word' id='word_1_190' title='bbox 1969 1558 2169 1615; x_wconf 85' lang='lat' dir='ltr'>exempla</span> <span class='ocrx_word' id='word_1_191' title='bbox 2184 1572 2324 1615; x_wconf 90' lang='lat' dir='ltr'>pauca</span> <span class='ocrx_word' id='word_1_192' title='bbox 2344 1557 2507 1600; x_wconf 85' lang='lat' dir='ltr'>studio·</span> 
     </span>
     <span class='ocr_line' id='line_1_19' title="bbox 346 1634 2506 1694; baseline 0 -15"><span class='ocrx_word' id='word_1_193' title='bbox 346 1636 437 1680; x_wconf 89' lang='lat' dir='ltr'>sius</span> <span class='ocrx_word' id='word_1_194' title='bbox 467 1635 822 1694; x_wconf 85' lang='lat' dir='ltr'>pertemptaverit</span> <span class='ocrx_word' id='word_1_195' title='bbox 843 1636 1115 1694; x_wconf 81' lang='lat' dir='ltr'>maximeque</span> <span class='ocrx_word' id='word_1_196' title='bbox 1138 1651 1224 1694; x_wconf 89' lang='lat' dir='ltr'>qua</span> <span class='ocrx_word' id='word_1_197' title='bbox 1245 1652 1291 1680; x_wconf 90' lang='lat' dir='ltr'>re</span> <span class='ocrx_word' id='word_1_198' title='bbox 1312 1652 1339 1680; x_wconf 91' lang='lat' dir='ltr'>a</span> <span class='ocrx_word' id='word_1_199' title='bbox 1359 1634 1612 1681; x_wconf 77' lang='lat' dir='ltr'>Germanici</span> <span class='ocrx_word' id='word_1_200' title='bbox 1635 1637 1848 1680; x_wconf 89' lang='lat' dir='ltr'>sermonis</span> <span class='ocrx_word' id='word_1_201' title='bbox 1870 1652 1989 1680; x_wconf 89' lang='lat' dir='ltr'>more</span> <span class='ocrx_word' id='word_1_202' title='bbox 2011 1635 2239 1680; x_wconf 84' lang='lat' dir='ltr'>discedant</span> <span class='ocrx_word' id='word_1_203' title='bbox 2260 1635 2506 1680; x_wconf 82' lang='lat' dir='ltr'>attenderit.</span> 
     </span>
     <span class='ocr_line' id='line_1_20' title="bbox 346 1714 1716 1774; baseline 0 -14"><span class='ocrx_word' id='word_1_204' title='bbox 346 1715 580 1774; x_wconf 87' lang='lat' dir='ltr'>Euripides</span> <span class='ocrx_word' id='word_1_205' title='bbox 601 1714 829 1760; x_wconf 89' lang='lat' dir='ltr'>Phoeniss.</span> <span class='ocrx_word' id='word_1_206' title='bbox 853 1716 912 1760; x_wconf 89' lang='grc'>46</span> <span class='ocrx_word' id='word_1_207' title='bbox 1364 1714 1422 1767; x_wconf 72' lang='grc' dir='ltr'>(ὃς</span> <span class='ocrx_word' id='word_1_208' title='bbox 1454 1715 1494 1760; x_wconf 81' lang='grc' dir='ltr'>δ’</span> <span class='ocrx_word' id='word_1_209' title='bbox 1521 1715 1716 1773; x_wconf 75' lang='grc' dir='ltr'><strong><em>ἐπεζάρει</em></strong></span> 
     </span>
     <span class='ocr_line' id='line_1_21' title="bbox 922 1792 2128 1852; baseline 0.001 -14"><span class='ocrx_word' id='word_1_210' title='bbox 922 1796 1063 1851; x_wconf 77' lang='grc' dir='ltr'><strong><em>Σφὶγξ</em></strong></span> <span class='ocrx_word' id='word_1_211' title='bbox 1094 1792 1336 1850; x_wconf 75' lang='grc' dir='ltr'><strong><em>ἁρπαγαῖσι</em></strong></span> <span class='ocrx_word' id='word_1_212' title='bbox 1367 1793 1513 1847; x_wconf 77' lang='grc' dir='ltr'><strong><em>πόλιν,</em></strong></span> <span class='ocrx_word' id='word_1_213' title='bbox 1543 1793 1663 1852; x_wconf 75' lang='grc' dir='ltr'><strong><em>ἐμός</em></strong></span> <span class='ocrx_word' id='word_1_214' title='bbox 1694 1797 1727 1838; x_wconf 86' lang='grc' dir='ltr'><strong><em>τ’</em></strong></span> <span class='ocrx_word' id='word_1_215' title='bbox 1749 1792 1837 1839; x_wconf 79' lang='grc' dir='ltr'><strong><em>οὒκ</em></strong></span> <span class='ocrx_word' id='word_1_216' title='bbox 1869 1793 1926 1852; x_wconf 83' lang='grc' dir='ltr'>ἦν</span> <span class='ocrx_word' id='word_1_217' title='bbox 1957 1795 2128 1847; x_wconf 80' lang='grc' dir='ltr'><strong><em>πόσις,</em></strong></span> 
     </span>
     <span class='ocr_line' id='line_1_22' title="bbox 925 1870 1803 1932; baseline 0 -14"><span class='ocrx_word' id='word_1_218' title='bbox 925 1877 1071 1930; x_wconf 82' lang='grc' dir='ltr'><strong><em>Κρέων</em></strong></span> <span class='ocrx_word' id='word_1_219' title='bbox 1103 1870 1294 1932; x_wconf 78' lang='grc' dir='ltr'><strong><em>ἀδελφὸς</em></strong></span> <span class='ocrx_word' id='word_1_220' title='bbox 1324 1871 1443 1930; x_wconf 75' lang='grc' dir='ltr'>τάμὰ</span> <span class='ocrx_word' id='word_1_221' title='bbox 1474 1872 1672 1931; x_wconf 72' lang='grc' dir='ltr'><strong><em>κηρύσσει</em></strong></span> <span class='ocrx_word' id='word_1_222' title='bbox 1703 1875 1803 1931; x_wconf 80' lang='grc' dir='ltr'><strong><em>λέχη</em></strong></span> 
     </span>
     <span class='ocr_line' id='line_1_23' title="bbox 347 1950 1917 2009; baseline -0.001 -12"><span class='ocrx_word' id='word_1_223' title='bbox 347 1952 424 1997; x_wconf 90' lang='lat' dir='ltr'>sed</span> <span class='ocrx_word' id='word_1_224' title='bbox 457 1952 621 1997; x_wconf 88' lang='lat' dir='ltr'>ibidem</span> <span class='ocrx_word' id='word_1_225' title='bbox 654 1969 693 1997; x_wconf 87' lang='lat' dir='ltr'>v.</span> <span class='ocrx_word' id='word_1_226' title='bbox 719 1953 776 1997; x_wconf 83' lang='lat'>36</span> <span class='ocrx_word' id='word_1_227' title='bbox 1353 1951 1494 2004; x_wconf 86' lang='grc' dir='ltr'><strong><em>Λάιός</em></strong></span> <span class='ocrx_word' id='word_1_228' title='bbox 1527 1953 1592 2005; x_wconf 74' lang='grc' dir='ltr'>θ’,</span> <span class='ocrx_word' id='word_1_229' title='bbox 1614 1950 1747 2009; x_wconf 75' lang='grc' dir='ltr'><strong><em>οὑμὸς</em></strong></span> <span class='ocrx_word' id='word_1_230' title='bbox 1778 1951 1917 2008; x_wconf 81' lang='grc' dir='ltr'><strong><em>πόσις,</em></strong></span> 
     </span>
     <span class='ocr_line' id='line_1_24' title="bbox 922 2030 1900 2088; baseline 0.002 -14"><span class='ocrx_word' id='word_1_231' title='bbox 922 2030 995 2075; x_wconf 81' lang='grc' dir='ltr'>τὸν</span> <span class='ocrx_word' id='word_1_232' title='bbox 1025 2031 1258 2075; x_wconf 70' lang='grc' dir='ltr'><strong><em>ἐκτεθέντα</em></strong></span> <span class='ocrx_word' id='word_1_233' title='bbox 1290 2031 1431 2075; x_wconf 69' lang='grc' dir='ltr'><strong><em>παῖδα</em></strong></span> <span class='ocrx_word' id='word_1_234' title='bbox 1461 2030 1687 2088; x_wconf 79' lang='grc' dir='ltr'><strong><em>μαστεύων</em></strong></span> <span class='ocrx_word' id='word_1_235' title='bbox 1717 2035 1900 2087; x_wconf 74' lang='grc' dir='ltr'><strong><em>μαθεῖν,</em></strong></span> 
     </span>
     <span class='ocr_line' id='line_1_25' title="bbox 922 2111 1272 2167; baseline 0 -15"><span class='ocrx_word' id='word_1_236' title='bbox 922 2111 966 2152; x_wconf 76' lang='grc' dir='ltr'>εἰ</span> <span class='ocrx_word' id='word_1_237' title='bbox 995 2111 1158 2166; x_wconf 86' lang='grc' dir='ltr'><strong><em>μηκέτ’</em></strong></span> <span class='ocrx_word' id='word_1_238' title='bbox 1182 2112 1272 2167; x_wconf 81' lang='grc' dir='ltr'><strong><em>εἴη.</em></strong></span> 
     </span>
     <span class='ocr_line' id='line_1_26' title="bbox 346 2184 1956 2244; baseline 0.001 -14"><span class='ocrx_word' id='word_1_239' title='bbox 346 2186 518 2230; x_wconf 85' lang='lat' dir='ltr'>Helena</span> <span class='ocrx_word' id='word_1_240' title='bbox 547 2188 636 2231; x_wconf 85' lang='lat'>686</span> <span class='ocrx_word' id='word_1_241' title='bbox 914 2197 991 2226; x_wconf 83' lang='lat' dir='ltr'>EA.</span> <span class='ocrx_word' id='word_1_242' title='bbox 1043 2184 1131 2230; x_wconf 78' lang='grc' dir='ltr'><strong><em>οὔκ</em></strong></span> <span class='ocrx_word' id='word_1_243' title='bbox 1162 2187 1298 2230; x_wconf 81' lang='grc' dir='ltr'><strong><em>ἔστιν</em></strong></span> <span class='ocrx_word' id='word_1_244' title='bbox 1328 2186 1511 2244; x_wconf 87' lang='grc' dir='ltr'><strong><em>μάτηρ·</em></strong></span> <span class='ocrx_word' id='word_1_245' title='bbox 1560 2185 1767 2242; x_wconf 76' lang='grc' dir='ltr'><strong><em>ἀγχόνιον</em></strong></span> <span class='ocrx_word' id='word_1_246' title='bbox 1796 2186 1956 2243; x_wconf 78' lang='grc' dir='ltr'><strong><em>βρόχον</em></strong></span> 
     </span>
     <span class='ocr_line' id='line_1_27' title="bbox 1042 2264 1965 2323; baseline 0.001 -14"><span class='ocrx_word' id='word_1_247' title='bbox 1042 2265 1097 2309; x_wconf 81' lang='grc' dir='ltr'><strong><em>δι’</em></strong></span> <span class='ocrx_word' id='word_1_248' title='bbox 1118 2266 1194 2322; x_wconf 71' lang='grc' dir='ltr'>ἐμὲ</span> <span class='ocrx_word' id='word_1_249' title='bbox 1223 2264 1485 2323; x_wconf 72' lang='grc' dir='ltr'><strong><em>κατεδήσατο</em></strong></span> <span class='ocrx_word' id='word_1_250' title='bbox 1518 2265 1737 2322; x_wconf 78' lang='grc' dir='ltr'><strong><em>δύσγαμος</em></strong></span> <span class='ocrx_word' id='word_1_251' title='bbox 1767 2264 1965 2321; x_wconf 72' lang='grc' dir='ltr'><strong><em>αἰσχύνᾳ.</em></strong></span> 
     </span>
     <span class='ocr_line' id='line_1_28' title="bbox 921 2341 2117 2400; baseline 0.003 -17"><span class='ocrx_word' id='word_1_252' title='bbox 921 2352 1008 2382; x_wconf 83' lang='grc' dir='ltr'>ΜΕ.</span> <span class='ocrx_word' id='word_1_253' title='bbox 1046 2341 1175 2398; x_wconf 84' lang='grc' dir='ltr'><strong><em>ὤμοι·</em></strong></span> <span class='ocrx_word' id='word_1_254' title='bbox 1224 2343 1444 2399; x_wconf 70' lang='grc' dir='ltr'><strong><em>θυγατρὸς</em></strong></span> <span class='ocrx_word' id='word_1_255' title='bbox 1475 2342 1790 2400; x_wconf 82' lang='grc' dir='ltr'><strong><em>δ’Ἑρμιόνης</em></strong></span> <span class='ocrx_word' id='word_1_256' title='bbox 1821 2344 1957 2387; x_wconf 83' lang='grc' dir='ltr'><strong><em>ἔστιν</em></strong></span> <span class='ocrx_word' id='word_1_257' title='bbox 1986 2347 2117 2398; x_wconf 76' lang='grc' dir='ltr'><strong><em>βίος,-</em></strong></span> 
     </span>
     <span class='ocr_line' id='line_1_29' title="bbox 345 2419 1123 2477; baseline 0 -15"><span class='ocrx_word' id='word_1_258' title='bbox 345 2421 398 2462; x_wconf 89' lang='lat' dir='ltr'>In</span> <span class='ocrx_word' id='word_1_259' title='bbox 432 2419 664 2477; x_wconf 91' lang='lat' dir='ltr'>Sophoclis</span> <span class='ocrx_word' id='word_1_260' title='bbox 696 2421 874 2462; x_wconf 87' lang='lat' dir='ltr'>Electra</span> <span class='ocrx_word' id='word_1_261' title='bbox 903 2421 1002 2477; x_wconf 85' lang='lat' dir='ltr'>ipsa</span> <span class='ocrx_word' id='word_1_262' title='bbox 1033 2421 1123 2464; x_wconf 84' lang='lat'>822</span> 
     </span>
     <span class='ocr_line' id='line_1_30' title="bbox 1353 2496 1936 2555; baseline -0.002 -14"><span class='ocrx_word' id='word_1_263' title='bbox 1353 2496 1412 2548; x_wconf 77' lang='grc' dir='ltr'>ὥς</span> <span class='ocrx_word' id='word_1_264' title='bbox 1441 2496 1566 2554; x_wconf 89' lang='grc' dir='ltr'><strong><em>χάρις</em></strong></span> <span class='ocrx_word' id='word_1_265' title='bbox 1595 2498 1677 2555; x_wconf 82' lang='grc' dir='ltr'>μὲν</span> <span class='ocrx_word' id='word_1_266' title='bbox 1707 2497 1760 2554; x_wconf 82' lang='grc' dir='ltr'>ἢν</span> <span class='ocrx_word' id='word_1_267' title='bbox 1790 2496 1936 2555; x_wconf 80' lang='grc' dir='ltr'><strong><em>κτάνῃ,</em></strong></span> 
     </span>
     <span class='ocr_line' id='line_1_31' title="bbox 921 2575 2051 2635; baseline -0.001 -13"><span class='ocrx_word' id='word_1_268' title='bbox 921 2576 1032 2635; x_wconf 85' lang='grc' dir='ltr'><strong><em>λύπη</em></strong></span> <span class='ocrx_word' id='word_1_269' title='bbox 1063 2577 1102 2621; x_wconf 83' lang='grc' dir='ltr'>δ’</span> <span class='ocrx_word' id='word_1_270' title='bbox 1123 2576 1204 2621; x_wconf 75' lang='grc' dir='ltr'>ἐὰν</span> <span class='ocrx_word' id='word_1_271' title='bbox 1235 2578 1310 2629; x_wconf 83' lang='grc' dir='ltr'>ζῶ·</span> <span class='ocrx_word' id='word_1_272' title='bbox 1360 2579 1447 2622; x_wconf 80' lang='grc' dir='ltr'>τοῦ</span> <span class='ocrx_word' id='word_1_273' title='bbox 1475 2582 1591 2634; x_wconf 78' lang='grc' dir='ltr'><strong><em>βίου</em></strong></span> <span class='ocrx_word' id='word_1_274' title='bbox 1621 2579 1662 2622; x_wconf 82' lang='grc' dir='ltr'>δ’</span> <span class='ocrx_word' id='word_1_275' title='bbox 1683 2575 1852 2628; x_wconf 72' lang='grc' dir='ltr'><strong><em>οὐδεὶς</em></strong></span> <span class='ocrx_word' id='word_1_276' title='bbox 1884 2576 2051 2628; x_wconf 76' lang='grc' dir='ltr'><strong><em>πόθος</em></strong></span> 
     </span>
     <span class='ocr_line' id='line_1_32' title="bbox 346 2653 2505 2714; baseline -0.001 -14"><span class='ocrx_word' id='word_1_277' title='bbox 346 2657 387 2700; x_wconf 92' lang='lat' dir='ltr'>h.</span> <span class='ocrx_word' id='word_1_278' title='bbox 413 2673 449 2700; x_wconf 87' lang='lat' dir='ltr'>e.</span> <span class='ocrx_word' id='word_1_279' title='bbox 473 2659 548 2701; x_wconf 82' lang='grc' dir='ltr'>τοῦ</span> <span class='ocrx_word' id='word_1_280' title='bbox 577 2661 675 2714; x_wconf 77' lang='grc' dir='ltr'><strong><em>βίου</em></strong></span> <span class='ocrx_word' id='word_1_281' title='bbox 706 2653 845 2700; x_wconf 70' lang='grc' dir='ltr'><strong><em>οὖκέτι</em></strong></span> <span class='ocrx_word' id='word_1_282' title='bbox 877 2655 1033 2712; x_wconf 73' lang='grc' dir='ltr'><strong><em>πόθος,</em></strong></span> <span class='ocrx_word' id='word_1_283' title='bbox 1068 2664 1112 2698; x_wconf 86' lang='lat' dir='ltr'>et</span> <span class='ocrx_word' id='word_1_284' title='bbox 1141 2664 1311 2714; x_wconf 84' lang='lat' dir='ltr'>poterat</span> <span class='ocrx_word' id='word_1_285' title='bbox 1339 2656 1420 2699; x_wconf 90' lang='lat' dir='ltr'>hoc</span> <span class='ocrx_word' id='word_1_286' title='bbox 1444 2653 1574 2699; x_wconf 85' lang='lat' dir='ltr'>unum</span> <span class='ocrx_word' id='word_1_287' title='bbox 1607 2657 1854 2714; x_wconf 86' lang='lat' dir='ltr'>exemplum</span> <span class='ocrx_word' id='word_1_288' title='bbox 1877 2656 2147 2699; x_wconf 86' lang='lat' dir='ltr'>Meinekium</span> <span class='ocrx_word' id='word_1_289' title='bbox 2181 2657 2219 2699; x_wconf 88' lang='lat' dir='ltr'>si</span> <span class='ocrx_word' id='word_1_290' title='bbox 2246 2656 2505 2699; x_wconf 84' lang='lat' dir='ltr'>attendisset</span> 
     </span>
     <span class='ocr_line' id='line_1_33' title="bbox 346 2736 1394 2781; baseline 0 0"><span class='ocrx_word' id='word_1_291' title='bbox 346 2739 401 2781; x_wconf 84' lang='lat' dir='ltr'>ab</span> <span class='ocrx_word' id='word_1_292' title='bbox 434 2738 705 2781; x_wconf 87' lang='lat' dir='ltr'>emendando</span> <span class='ocrx_word' id='word_1_293' title='bbox 737 2737 870 2781; x_wconf 87' lang='lat' dir='ltr'>altero</span> <span class='ocrx_word' id='word_1_294' title='bbox 901 2737 1101 2780; x_wconf 87' lang='lat' dir='ltr'>retinere.</span> <span class='ocrx_word' id='word_1_295' title='bbox 1149 2736 1284 2780; x_wconf 89' lang='lat' dir='ltr'>Porro</span> <span class='ocrx_word' id='word_1_296' title='bbox 1306 2737 1394 2781; x_wconf 81' lang='lat'>876</span> 
     </span>
     <span class='ocr_line' id='line_1_34' title="bbox 922 2813 1966 2872; baseline -0.001 -14"><span class='ocrx_word' id='word_1_297' title='bbox 922 2813 1065 2858; x_wconf 76' lang='grc' dir='ltr'><strong><em>πόθεν</em></strong></span> <span class='ocrx_word' id='word_1_298' title='bbox 1096 2815 1134 2858; x_wconf 71' lang='grc' dir='ltr'>δ’</span> <span class='ocrx_word' id='word_1_299' title='bbox 1155 2815 1212 2858; x_wconf 72' lang='grc' dir='ltr'>α”ν</span> <span class='ocrx_word' id='word_1_300' title='bbox 1241 2814 1381 2870; x_wconf 80' lang='grc' dir='ltr'><strong><em>εὕροις</em></strong></span> <span class='ocrx_word' id='word_1_301' title='bbox 1412 2816 1497 2858; x_wconf 79' lang='grc' dir='ltr'>τῶν</span> <span class='ocrx_word' id='word_1_302' title='bbox 1528 2815 1645 2870; x_wconf 74' lang='grc' dir='ltr'><strong><em>ἐμῶν</em></strong></span> <span class='ocrx_word' id='word_1_303' title='bbox 1676 2814 1727 2858; x_wconf 82' lang='grc' dir='ltr'>σὺ</span> <span class='ocrx_word' id='word_1_304' title='bbox 1755 2813 1966 2872; x_wconf 75' lang='grc' dir='ltr'><strong><em>πημάτων</em></strong></span> 
     </span>
     <span class='ocr_line' id='line_1_35' title="bbox 923 2887 1748 2950; baseline -0.001 -14"><span class='ocrx_word' id='word_1_305' title='bbox 923 2891 1091 2950; x_wconf 81' lang='grc' dir='ltr'><strong><em>ἄρηξιν,</em></strong></span> <span class='ocrx_word' id='word_1_306' title='bbox 1123 2892 1186 2943; x_wconf 75' lang='grc' dir='ltr'><strong><em>οἷς</em></strong></span> <span class='ocrx_word' id='word_1_307' title='bbox 1217 2895 1334 2936; x_wconf 85' lang='grc' dir='ltr'><strong><em>ἴασιν</em></strong></span> <span class='ocrx_word' id='word_1_308' title='bbox 1363 2887 1441 2936; x_wconf 75' lang='grc' dir='ltr'><strong><em>οὐκ</em></strong></span> <span class='ocrx_word' id='word_1_309' title='bbox 1471 2892 1606 2935; x_wconf 81' lang='grc' dir='ltr'><strong><em>ἔνεστ’</em></strong></span> <span class='ocrx_word' id='word_1_310' title='bbox 1626 2891 1748 2936; x_wconf 79' lang='grc' dir='ltr'><strong><em>ἰδεῖν.</em></strong></span> 
     </span>
     <span class='ocr_line' id='line_1_36' title="bbox 347 2968 2503 3030; baseline -0.001 -15"><span class='ocrx_word' id='word_1_311' title='bbox 347 2969 471 3026; x_wconf 83' lang='lat' dir='ltr'>Quae</span> <span class='ocrx_word' id='word_1_312' title='bbox 503 2971 606 3030; x_wconf 88' lang='lat' dir='ltr'>quia</span> <span class='ocrx_word' id='word_1_313' title='bbox 637 2971 750 3015; x_wconf 81' lang='lat' dir='ltr'>hanc</span> <span class='ocrx_word' id='word_1_314' title='bbox 784 2971 869 3014; x_wconf 90' lang='lat' dir='ltr'>vim</span> <span class='ocrx_word' id='word_1_315' title='bbox 902 2970 1066 3014; x_wconf 88' lang='lat' dir='ltr'>habent</span> <span class='ocrx_word' id='word_1_316' title='bbox 1089 2969 1181 3025; x_wconf 64' lang='lat' dir='ltr'>‘fiir</span> <span class='ocrx_word' id='word_1_317' title='bbox 1211 2971 1281 3014; x_wconf 79' lang='lat' dir='ltr'>die</span> <span class='ocrx_word' id='word_1_318' title='bbox 1311 2970 1428 3013; x_wconf 72' lang='lat' dir='ltr'>nicht</span> <span class='ocrx_word' id='word_1_319' title='bbox 1457 2970 1646 3028; x_wconf 75' lang='lat' dir='ltr'>Heilunq</span> <span class='ocrx_word' id='word_1_320' title='bbox 1679 2970 1796 3013; x_wconf 76' lang='lat' dir='ltr'>mehr</span> <span class='ocrx_word' id='word_1_321' title='bbox 1824 2986 1878 3013; x_wconf 83' lang='lat' dir='ltr'>zu</span> <span class='ocrx_word' id='word_1_322' title='bbox 1909 2968 2028 3013; x_wconf 74' lang='lat' dir='ltr'>eelm&#39;</span> <span class='ocrx_word' id='word_1_323' title='bbox 2063 2971 2263 3014; x_wconf 82' lang='lat' dir='ltr'>certatim</span> <span class='ocrx_word' id='word_1_324' title='bbox 2284 2970 2503 3025; x_wconf 86' lang='lat' dir='ltr'>advolant,</span> 
     </span>
     <span class='ocr_line' id='line_1_37' title="bbox 346 3047 2503 3105; baseline -0.001 -12"><span class='ocrx_word' id='word_1_325' title='bbox 346 3049 404 3092; x_wconf 72' lang='grc' dir='ltr'>ἔτ’</span> <span class='ocrx_word' id='word_1_326' title='bbox 425 3050 507 3093; x_wconf 80' lang='grc' dir='ltr'><strong><em>ἔστ’</em></strong></span> <span class='ocrx_word' id='word_1_327' title='bbox 540 3049 845 3104; x_wconf 85' lang='lat' dir='ltr'>coniectantes,</span> <span class='ocrx_word' id='word_1_328' title='bbox 880 3048 1001 3092; x_wconf 90' lang='lat' dir='ltr'>cuius</span> <span class='ocrx_word' id='word_1_329' title='bbox 1024 3048 1263 3105; x_wconf 84' lang='lat' dir='ltr'>scripturae</span> <span class='ocrx_word' id='word_1_330' title='bbox 1284 3047 1470 3105; x_wconf 83' lang='lat' dir='ltr'>vestigia</span> <span class='ocrx_word' id='word_1_331' title='bbox 1490 3047 1702 3105; x_wconf 88' lang='lat' dir='ltr'>quaedam</span> <span class='ocrx_word' id='word_1_332' title='bbox 1724 3047 1812 3090; x_wconf 89' lang='lat' dir='ltr'>iam</span> <span class='ocrx_word' id='word_1_333' title='bbox 1834 3048 1880 3090; x_wconf 90' lang='lat' dir='ltr'>in</span> <span class='ocrx_word' id='word_1_334' title='bbox 1909 3048 2132 3091; x_wconf 84' lang='lat' dir='ltr'>codicibus</span> <span class='ocrx_word' id='word_1_335' title='bbox 2161 3063 2368 3105; x_wconf 87' lang='lat' dir='ltr'>expressa</span> <span class='ocrx_word' id='word_1_336' title='bbox 2390 3055 2503 3103; x_wconf 84' lang='lat' dir='ltr'>sunt,</span> 
     </span>
     <span class='ocr_line' id='line_1_38' title="bbox 347 3124 2506 3185; baseline -0.001 -15"><span class='ocrx_word' id='word_1_337' title='bbox 347 3127 504 3184; x_wconf 88' lang='lat' dir='ltr'>quibus</span> <span class='ocrx_word' id='word_1_338' title='bbox 538 3127 648 3171; x_wconf 82' lang='lat' dir='ltr'>nihil</span> <span class='ocrx_word' id='word_1_339' title='bbox 680 3127 885 3185; x_wconf 84' lang='lat' dir='ltr'>probatur</span> <span class='ocrx_word' id='word_1_340' title='bbox 916 3127 1001 3170; x_wconf 91' lang='lat' dir='ltr'>nisi</span> <span class='ocrx_word' id='word_1_341' title='bbox 1033 3126 1120 3169; x_wconf 88' lang='lat' dir='ltr'>iam</span> <span class='ocrx_word' id='word_1_342' title='bbox 1152 3125 1256 3169; x_wconf 90' lang='lat' dir='ltr'>olim</span> <span class='ocrx_word' id='word_1_343' title='bbox 1286 3124 1421 3169; x_wconf 83' lang='lat' dir='ltr'>fuisse</span> <span class='ocrx_word' id='word_1_344' title='bbox 1453 3126 1527 3183; x_wconf 88' lang='lat' dir='ltr'>qui</span> <span class='ocrx_word' id='word_1_345' title='bbox 1559 3125 1620 3169; x_wconf 79' lang='grc' dir='ltr'>ἔτι</span> <span class='ocrx_word' id='word_1_346' title='bbox 1650 3125 1695 3168; x_wconf 90' lang='lat' dir='ltr'>in</span> <span class='ocrx_word' id='word_1_347' title='bbox 1728 3125 1810 3168; x_wconf 88' lang='lat' dir='ltr'>hac</span> <span class='ocrx_word' id='word_1_348' title='bbox 1842 3126 2060 3169; x_wconf 85' lang='lat' dir='ltr'>sententia</span> <span class='ocrx_word' id='word_1_349' title='bbox 2087 3125 2396 3170; x_wconf 85' lang='lat' dir='ltr'>desiderarent.</span> <span class='ocrx_word' id='word_1_350' title='bbox 2447 3125 2506 3169; x_wconf 91' lang='lat' dir='ltr'>Et</span> 
     </span>
     <span class='ocr_line' id='line_1_39' title="bbox 346 3206 810 3264; baseline 0 -14"><span class='ocrx_word' id='word_1_351' title='bbox 346 3221 457 3264; x_wconf 85' lang='lat' dir='ltr'>quae</span> <span class='ocrx_word' id='word_1_352' title='bbox 487 3207 577 3252; x_wconf 82' lang='lat'>925</span> <span class='ocrx_word' id='word_1_353' title='bbox 608 3206 810 3264; x_wconf 87' lang='lat' dir='ltr'>leguntur</span> 
     </span>
     <span class='ocr_line' id='line_1_40' title="bbox 922 3281 1846 3342; baseline -0.001 -13"><span class='ocrx_word' id='word_1_354' title='bbox 922 3289 1142 3342; x_wconf 71' lang='grc' dir='ltr'><strong><em>τέθνηκεν,</em></strong></span> <span class='ocrx_word' id='word_1_355' title='bbox 1175 3282 1211 3328; x_wconf 80' lang='grc' dir='ltr'><em>ὦ</em></span> <span class='ocrx_word' id='word_1_356' title='bbox 1242 3283 1440 3336; x_wconf 84' lang='grc' dir='ltr'><strong><em>τάλαινα,</em></strong></span> <span class='ocrx_word' id='word_1_357' title='bbox 1473 3281 1667 3329; x_wconf 77' lang='grc' dir='ltr'><strong><em>τάκείνου</em></strong></span> <span class='ocrx_word' id='word_1_358' title='bbox 1699 3284 1748 3328; x_wconf 82' lang='grc' dir='ltr'>δέ</span> <span class='ocrx_word' id='word_1_359' title='bbox 1779 3297 1846 3328; x_wconf 90' lang='grc' dir='ltr'>σοι</span> 
     </span>
     <span class='ocr_line' id='line_1_41' title="bbox 923 3361 1869 3424; baseline -0.002 -14"><span class='ocrx_word' id='word_1_360' title='bbox 923 3363 1089 3424; x_wconf 72' lang='grc' dir='ltr'><strong><em>σωτήρι’</em></strong></span> <span class='ocrx_word' id='word_1_361' title='bbox 1111 3365 1241 3422; x_wconf 80' lang='grc' dir='ltr'><strong><em>ἔρρει·</em></strong></span> <span class='ocrx_word' id='word_1_362' title='bbox 1287 3364 1446 3422; x_wconf 81' lang='grc' dir='ltr'><strong><em>μηδὲν</em></strong></span> <span class='ocrx_word' id='word_1_363' title='bbox 1477 3364 1522 3415; x_wconf 76' lang='grc' dir='ltr'>ἐς</span> <span class='ocrx_word' id='word_1_364' title='bbox 1553 3362 1695 3409; x_wconf 74' lang='grc' dir='ltr'><strong><em>κεῖνόν</em></strong></span> <span class='ocrx_word' id='word_1_365' title='bbox 1724 3365 1763 3418; x_wconf 76' lang='grc' dir='ltr'>γ’</span> <span class='ocrx_word' id='word_1_366' title='bbox 1786 3361 1869 3420; x_wconf 85' lang='grc' dir='ltr'>ὅρα</span> 
     </span>
    </p>
   </div>
  </div>
 </body>
</html>
