3009 3773
1552 193 1610 237 12

493 313 729 372 Euripides
761 314 924 359 Electr.
962 315 1079 359 1016
1599 312 1647 358 τὸ
1678 313 1861 376 πρᾶγμα
1893 312 1943 357 δὲ

1070 391 1319 449 μαθόντας,
1353 393 1405 449 ἣν
1434 393 1516 448 μὲν
1547 389 1703 445 ἀξίως
1734 400 1904 448 μισεῖν
1935 391 2040 450 ἔχῃ,

1074 480 1242 525 στυγεῖν
1273 472 1457 515 δίκαιον.

493 551 615 594 Idem
653 550 797 595 Orest.
835 551 952 595 1153
1075 550 1238 600 πάσαις
1268 552 1468 604 γυναιξὶν
1499 547 1623 602 ἀξία
1655 558 1861 604 στυγεΐν
1892 550 1977 607 ἔφυ

1073 627 1098 684 ἦ
1133 628 1350 683 Τυνδαρὶς
1383 636 1498 683 παῖς,

493 715 536 749 et
568 721 698 764 saepe
732 705 855 749 multi
889 721 969 749 nec
1002 705 1141 750 solum
1174 705 1219 749 in
1255 705 1335 749 hoc
1368 704 1444 749 sed
1479 704 1628 749 multis
1660 704 1879 750 similibus
1911 703 2087 749 dicendi
2108 704 2357 761 generibus.
2410 699 2542 757 Quod
2565 717 2666 747 vero

494 784 850 843 Clytaemnestra
881 792 948 828 est
980 800 1091 842 quae
1124 785 1423 842 paedagogum
1457 784 1581 837 ἄξιον
1612 786 1758 841 φιλεΐν
1789 785 1830 828 h.
1855 801 1891 829 e.
1917 783 2098 841 dignum
2129 799 2226 828 esse
2258 782 2365 827 dicit
2385 783 2467 840 qui-
2483 788 2664 837 ametur,

493 879 548 907 ne
582 879 711 921 quem
747 863 812 906 vis
847 863 966 906 verbi
1001 862 1203 918 offendat,
1239 862 1431 920 loquitur
1463 861 1831 920 quemadmodum
1864 861 1979 906 infra
1998 861 2176 906 Electra
2195 861 2341 905 locuta
2362 867 2430 904 est
2448 857 2509 916 (v.
2530 856 2667 915 1363)

494 958 590 985 cum
609 941 793 984 eundem
817 941 1115 999 paedagogum
1140 941 1208 984 his
1228 942 1372 985 verbis
1394 941 1585 999 appellat
1606 944 1703 984 ἴσθι
1725 941 1763 983 δ’
1781 939 1839 991 ὠς
1859 939 2047 996 μάλιστα
2064 942 2101 983 σ’
2118 936 2374 995 ἀνθρώπων
2394 937 2478 992 ἐγὼ
2494 938 2668 995 ἤχθηρα

493 1017 693 1076 κᾶφίλησ’
724 1020 772 1062 ἐν
804 1017 942 1074 ἡμέρᾳ
973 1021 1066 1075 μιᾷ.
1118 1019 1273 1076 Itaque
1301 1027 1438 1062 restat
1458 1021 1648 1069 πολλῶν,
1678 1018 1794 1075 quod
1816 1026 1918 1061 ante
1941 1018 2228 1075 seposuimus,
2253 1017 2369 1074 quod
2392 1017 2478 1060 iam
2500 1017 2667 1073 impen-

495 1099 586 1141 sius
620 1097 862 1140 cavendum
896 1104 974 1151 est,
1010 1113 1064 1139 ne
1094 1111 1204 1154 quae
1235 1097 1342 1140 satis
1365 1104 1457 1140 tuto
1481 1097 1607 1140 nobis
1630 1096 1916 1139 exaedificata
1939 1095 2141 1139 videntur
2161 1095 2395 1139 labefactet
2415 1102 2460 1138 et
2480 1100 2666 1138 corruat.

494 1177 592 1220 Non
627 1184 772 1234 potest
799 1183 943 1219 autem
973 1176 1193 1232 genitivus
1226 1178 1400 1220 πολλῶν
1431 1176 1516 1219 nisi
1550 1191 1647 1219 cum
1681 1174 1802 1228 ἄξιος
1835 1175 2052 1231 coniungi,
2076 1175 2144 1217 cui
2170 1173 2390 1218 adiectum
2411 1172 2597 1228 videtur,
2621 1180 2669 1216 ut

494 1256 619 1312 quasi
659 1255 820 1312 gradus
862 1257 937 1298 τοῦ
975 1251 1100 1306 ἀξίου
1138 1260 1348 1310 augeatur
1387 1262 1430 1297 et
1469 1254 1746 1311 paedagogus
1779 1270 1864 1296 non
1899 1253 2021 1306 ἄξιος
2053 1253 2198 1310 φιλεῖν
2229 1252 2307 1296 sed
2339 1253 2515 1297 πολλῶν
2547 1251 2668 1304 ἄξιος

495 1335 638 1391 φιλεῖν
669 1333 915 1391 appelletur
947 1332 1073 1389 quasi
1107 1332 1227 1376 dicas
1261 1330 1436 1389 σφόδρα
1469 1331 1603 1385 ἄξιος.
1653 1329 1795 1385 Quem
1819 1331 1994 1376 modum
2017 1331 2226 1389 loquendi
2247 1331 2481 1388 quominus
2503 1337 2668 1373 temere

494 1419 684 1454 statuere
724 1411 968 1466 videamur,
1016 1412 1300 1467 gravissimus
1347 1418 1497 1454 auctor
1534 1411 1786 1466 graecitatis
1823 1410 2075 1468 prohibebit
2113 1410 2251 1465 Plato,
2302 1410 2374 1467 qui
2414 1410 2476 1452 ita
2515 1408 2670 1452 scribit

494 1490 630 1545 Legg.
653 1503 719 1532 ΧΠ
751 1504 792 1546 p.
817 1490 921 1542 299,
959 1490 982 1531 7

857 1570 939 1611 εἶσὶ
969 1567 1056 1622 γὰρ
1088 1568 1136 1611 ἐν
1169 1575 1256 1618 τοῖς
1289 1569 1465 1617 πολλοῖς
1498 1566 1734 1622 ἄνθρωποι
1766 1564 1836 1610 ἀεὶ
1867 1571 1986 1611 θεῖοί
2016 1583 2149 1617 τινες,
2181 1563 2234 1610 οὗ
2265 1567 2441 1616 πολλοί,
2474 1565 2669 1615 παντὸς

1004 1646 1043 1688 δ’
1065 1645 1205 1697 ἄξιοι
1238 1648 1637 1698 ξυγγίγνεσθαι,

495 1739 605 1783 quae
649 1724 870 1767 neminem
915 1722 1207 1779 offenderunt,
1250 1724 1382 1767 immo
1421 1739 1475 1766 ne
1515 1723 1702 1766 attendit
1738 1722 1913 1781 quidem
1955 1723 2186 1781 quisquam
2225 1721 2340 1781 quod
2379 1722 2587 1777 sciamus3
2627 1728 2671 1764 et

498 1812 643 1846 tamen
686 1802 806 1845 omni
846 1817 1005 1858 genere
1044 1803 1182 1845 oratio
1222 1802 1410 1858 gemella
1449 1809 1515 1845 est
1553 1803 1590 1844 ei
1631 1817 1761 1860 quam
1800 1801 1915 1859 apud
1955 1799 2217 1859 Sophoclem
2254 1801 2517 1844 infestarunt
2554 1799 2670 1843 docti

496 1881 769 1938 indoctique3
805 1896 905 1923 nam
938 1895 993 1924 ne
1027 1880 1222 1924 dicamus
1255 1880 1370 1938 quod
1404 1888 1600 1938 apertum
1634 1887 1701 1923 est
1731 1883 2043 1933 ξυγγίγνεσθαι
2074 1880 2167 1937 pari
2200 1879 2329 1922 modo
2361 1879 2553 1937 positum
2574 1893 2670 1922 esse

497 1975 583 2018 quo
617 1959 762 2017 φιλεῖν
794 1959 838 2001 in
873 1958 1065 2013 Electra,
1099 1973 1186 2001 non
1221 1957 1336 2011 ἄξιοι
1369 1961 1679 2012 ξυγγίγνεσθαι
1712 1957 1916 2001 dicuntur
1937 1957 2013 2001 sed
2038 1956 2198 2007 παντὸς
2220 1956 2336 2009 ἄξιοι
2359 1960 2671 2011 ξυγγίγνεσθαι

497 2038 539 2080 h.
563 2052 599 2080 e.
624 2052 711 2080 non
746 2037 867 2094 digni
892 2036 968 2080 sed
991 2036 1182 2079 maxime
1206 2036 1325 2093 digni
1351 2036 1610 2094 quibuscum
1635 2036 1995 2079 consuetudinem
2018 2036 2194 2079 habeas.
2244 2035 2463 2078 Addimus
2485 2035 2668 2078 alterum

496 2116 743 2173 exemplum
777 2115 973 2158 eiusdem
1004 2115 1251 2169 locutionis,
1287 2114 1403 2172 quod
1436 2129 1490 2157 ex
1522 2114 1721 2157 Phaedro
1744 2113 1942 2157 Platonis
1975 2115 2176 2172 petimus,
2202 2114 2275 2157 ubi
2298 2114 2360 2157 ita
2379 2114 2572 2172 loquitur
2593 2111 2671 2158 So·

497 2202 637 2237 crates
670 2192 731 2252 (p.
755 2195 826 2249 47,
852 2195 879 2238 3
912 2189 1120 2248 Schanz.)

860 2271 930 2316 ὅτε
963 2272 1129 2333 σπουδῇ
1160 2285 1206 2315 σε
1238 2274 1457 2327 πείθοιμι,
1497 2272 1713 2322 συντιθεὶς
1746 2269 1879 2325 λόγον
1910 2271 2094 2315 ἔπαινον
2125 2269 2236 2314 κατὰ
2269 2272 2345 2315 τοῦ
2375 2270 2496 2321 ὄνου,
2535 2276 2672 2315 ἵππον

1004 2350 1287 2407 ἐπονομάζων
1333 2353 1405 2394 καὶ
1443 2352 1582 2403 λέγων
1621 2349 1680 2401 ῶς
1717 2351 1908 2401 παντὸς
1948 2349 2097 2403 ἄξιον
2135 2348 2189 2393 τὸ
2227 2353 2440 2406 θρέμμα
2479 2352 2588 2394 οἴκοι
2627 2366 2671 2393 τε

1004 2430 1286 2486 κεκτῆσθαι
1319 2431 1391 2472 καὶ
1422 2430 1495 2473 ἐπὶ
1527 2429 1742 2484 στρατιᾶς.
2199 2426 2201 2428 ’

497 2507 582 2551 His
615 2508 749 2564 igitur
782 2507 1007 2564 exemplis,
1042 2507 1193 2564 paucis
1227 2506 1403 2564 quidem
1436 2506 1513 2550 sed
1547 2507 1676 2550 certis
1710 2513 1754 2549 et
1784 2506 1960 2564 apertiS‚
1994 2505 2131 2549 adiuti
2166 2512 2209 2549 et
2236 2506 2482 2549 confirmati
2510 2504 2671 2548 multos

497 2599 637 2628 annos
678 2584 721 2627 in
761 2583 924 2628 scholis
964 2581 1221 2642 Sophocleis
1260 2583 1396 2627 verba
1431 2582 1633 2627 Electrae
1672 2598 1698 2626 a
1736 2583 1983 2627 criticorum
2025 2582 2284 2627 commentis
2322 2582 2455 2626 tutari
2487 2581 2672 2626 viriliter

498 2663 759 2719 studuimus,
801 2661 908 2706 illud
950 2676 1120 2721 quoque
1158 2662 1398 2717 declarare,
1439 2662 1560 2715 ἄξιος
1597 2663 1699 2721 quia
1737 2662 1828 2706 vim
1860 2661 1990 2721 pretii
2023 2661 2214 2717 haberet,
2255 2675 2307 2705 ea
2338 2661 2458 2705 notio
2490 2660 2566 2705 ubi
2599 2675 2671 2704 ex·

498 2742 754 2802 aggeranda·
787 2748 916 2797 esset,
962 2741 1111 2784 addito
1150 2742 1343 2798 genitivo
1382 2742 1563 2792 πολλοῦ,
1604 2739 1766 2791 παντός
1804 2741 1952 2799 augeri
1992 2741 2164 2784 solitam
2205 2754 2316 2797 esse,
2356 2741 2512 2790 πολέος
2549 2740 2598 2783 δέ
2629 2739 2672 2784 οἶ

498 2822 623 2875 ἄξιον
667 2822 786 2865 ἔσται
832 2820 936 2877 (Od.
970 2820 1016 2877 8,
1057 2820 1166 2875 405)
1204 2821 1232 2862 i.
1263 2836 1299 2863 e.
1331 2835 1372 2863 ee
1410 2821 1523 2863 wird
1556 2821 1646 2863 ihm
1682 2821 1780 2863 sehr
1815 2820 2035 2864 wertkvoll
2070 2822 2184 2872 seim·
2230 2819 2300 2862 vel
2339 2826 2387 2862 ut
2422 2818 2671 2878 Xenophon

498 2903 693 2960 loquitur
724 2902 769 2944 in
800 2900 1001 2944 Anabasi
1034 2898 1095 2955 (4,
1123 2903 1160 2954 1,
1185 2897 1263 2954 24)
1286 2897 1508 2954 Ἀριστέας
1540 2904 1661 2950 Χῖος,
1694 2900 1742 2950 ὃς
1774 2901 1998 2954 πολλαχοῦ
2019 2900 2184 2943 πολλοῦ
2204 2899 2325 2951 ἄξιος
2345 2900 2393 2959 τῇ
2413 2899 2591 2955 στρατιᾷ
2611 2900 2672 2949 εἰς

500 2981 553 3023 τὰ
602 2983 778 3023 τοιαῦτα
811 2980 980 3032 ἐγένετο
1021 2978 1063 3021 h.
1094 2994 1130 3021 e.
1160 2978 1258 3020 eelzr
1296 2978 1514 3020 werthvoll
1539 2978 1627 3033 sicr
1657 2978 1940 3034 deryleicken,
1980 2993 2035 3021 ex
2067 2977 2149 3020 hac
2181 2983 2324 3020 autem
2358 2976 2671 3021 consuetudine

499 3066 650 3101 natum
691 3073 787 3101 esse
821 3057 1021 3109 alterum,
1063 3064 1111 3099 ut
1143 3056 1212 3099 vel
1244 3055 1306 3099 ibi
1340 3055 1532 3111 genitivo
1566 3055 1715 3099 addito
1749 3063 1980 3113 augeretur
2013 3055 2079 3098 vis
2112 3055 2233 3098 vocis
2265 3054 2397 3111 ἄξιος,
2434 3055 2508 3099 ubi
2540 3054 2672 3099 simul

498 3136 765 3180 infinitivum
805 3136 926 3180 verbi
968 3134 1054 3179 sibi
1094 3133 1313 3178 adiectum
1346 3132 1537 3187 haberet,
1572 3132 1688 3190 quod
1722 3149 1807 3190 qua
1838 3149 1885 3177 re
1916 3133 2014 3190 quis
2047 3132 2205 3189 dignus
2238 3129 2470 3177 haberetur
2501 3132 2667 3190 signifi·

499 3222 629 3258 caret.
694 3211 781 3257 Sed
816 3214 910 3257 sive
942 3213 1025 3256 hoc
1058 3212 1187 3255 modo
1221 3212 1314 3255 sive
1347 3211 1434 3254 alio
1466 3211 1580 3254 hanc
1611 3212 1921 3268 proprietatem
1943 3226 2048 3257 usus
2070 3211 2376 3268 explicandam
2398 3218 2590 3266 censent,
2615 3210 2669 3254 de

497 3310 544 3337 re
576 3294 674 3351 ipsa.
706 3292 896 3336 dubitari
929 3308 1018 3336 non
1051 3298 1207 3350 potest.
1265 3291 1336 3334 Ac
1368 3306 1505 3349 nuper
1536 3306 1700 3334 novum
1728 3290 1914 3334 accessit
1935 3288 2131 3334 eiusdem
2151 3289 2385 3334 locutionis
2407 3289 2668 3348 exemplum,

499 3373 616 3431 quod
649 3389 728 3416 nos
762 3372 939 3430 quidem
972 3372 1116 3415 adhuc
1147 3372 1328 3428 fugerat,
1364 3370 1479 3429 quod
1511 3377 1669 3426 tamen,
1704 3370 1791 3413 nisi
1818 3369 1932 3414 fallit
1953 3370 2114 3428 opinio,
2138 3370 2267 3428 primi
2289 3369 2345 3413 ad
2367 3385 2518 3413 verum
2540 3370 2671 3413 inter-
