3009 3773
1401 178 1460 224 15

354 297 494 342 eritne
526 313 678 345 revera
708 299 752 342 in
781 298 1049 344 Graecorum
1081 314 1280 344 sermone
1312 314 1408 344 eam
1439 300 1527 344 vim
1560 315 1690 359 quam
1723 300 1958 357 colligebat
1988 316 2041 344 ex
2075 300 2271 344 oratione
2303 314 2415 357 quae
2448 314 2518 341 ex·

352 375 568 435 pedienda
593 382 701 433 erat,
733 391 789 423 ne
820 377 1040 436 quaesivit
1069 377 1258 436 quidem,
1291 378 1452 421 nedum
1479 378 1702 436 explorato
1725 393 1807 422 usu
1828 378 2035 422 docuerit.
2098 380 2252 437 Neque
2276 379 2415 434 magis
2438 378 2521 420 hoc

353 455 439 499 sibi
460 454 710 500 faciendum
731 455 1010 500 crediderunt
1030 456 1102 513 qui
1120 455 1364 501 Hermanni
1389 457 1575 513 vestigia
1595 457 1848 501 insistentes
1870 458 1914 500 in
1938 457 2089 500 eadem
2112 457 2404 514 explicatione
2426 471 2519 513 per·

351 533 626 590 severabant,
661 532 922 588 Wunder-us,
958 531 1154 589 Wexius,
1188 549 1371 592 quorum
1403 533 1475 578 hic
1506 534 1683 592 quidem
1704 534 1901 592 pluribus
1924 535 2069 579 verbis
2094 535 2337 592 patefacere
2359 534 2517 589 studet,

351 611 426 668 qui
469 611 650 656 verbnm
678 608 881 669 ἀφειδεῖν
912 627 940 654 a
969 627 1050 656 sua
1087 611 1263 670 propria
1299 611 1620 668 significatione
1657 612 1714 655 ad
1751 628 1846 656 eam
1889 612 2093 657 devenire
2131 613 2344 670 potuerit,
2387 627 2518 669 quam

356 686 590 747 Sophoclei
620 705 771 734 versus
803 705 936 734 causa
967 690 1235 734 statuebant:
1261 688 1318 734 ‘si
1351 689 1420 733 cui
1452 686 1550 745 rei',
1584 690 1743 747 inquit,
1771 689 1875 733 ‘non
1897 691 2116 748 parcimus
2137 705 2322 749 eamque
2343 690 2519 748 profun-

356 767 514 824 dimus,
548 782 643 811 eam
675 767 868 825 profecto
894 782 1073 812 necesse
1101 776 1169 812 est
1196 783 1281 811 non
1308 768 1456 825 magni
1484 783 1564 811 nos
1586 767 1754 823 fecisse,
1788 768 1890 812 inde
1912 770 1962 812 fit
1984 777 2029 812 ut
2050 767 2241 827 ἅφειδέω
2263 769 2521 826 simpliciter

355 845 414 890 sit
444 845 685 903 negligere,
719 842 1040 905 ἇφροντιστέω.’
1105 844 1283 901 Quanto
1315 845 1620 904 praestitisset,
1654 861 1739 889 uno
1771 845 1916 904 aliquo
1949 847 2147 905 exemplo
2178 847 2247 891 vel
2268 846 2519 892 testimonio

351 925 435 969 hoc
466 924 648 983 probare
680 924 797 983 quod
830 941 885 969 ex
918 941 1003 970 uno
1031 940 1158 969 versu
1180 924 1237 970 de
1258 939 1344 982 quo
1378 924 1667 968 cummaxime
1698 925 1841 982 agitur
1873 926 2124 970 conclusum
2156 926 2414 970 ratiunculis
2442 941 2514 970 ex·

352 1003 510 1060 positis
539 1003 800 1061 persuadere
833 1003 1026 1061 cupiunt.
1090 1000 1179 1047 Sed
1211 1001 1350 1047 nihilo
1381 1002 1537 1048 melius
1569 1002 1672 1047 huic
1703 1002 1848 1047 officio
1876 1003 2126 1061 interpretis
2149 1004 2456 1050 satisfecerunt
2488 1005 2518 1048 ii

351 1080 427 1140 qui
458 1096 485 1125 a
516 1081 734 1126 contraria
764 1086 888 1139 parte
920 1080 1110 1136 stabant,
1143 1079 1344 1137 Bothius,
1378 1079 1646 1138 Hartungus‚
1681 1081 1756 1139 qui
1788 1081 1977 1125 riserunt
1996 1081 2239 1126 Hermanni
2263 1083 2518 1141 interpreta-

352 1160 529 1215 tionem,
570 1174 668 1204 cum
700 1166 911 1216 negarent
940 1158 1035 1203 fieri
1067 1172 1196 1216 posse
1228 1157 1345 1216 quod
1376 1157 1451 1202 ille
1481 1157 1732 1215 affirmarat,
1772 1159 2008 1217 φείδεσθαι
2038 1167 2083 1203 et
2112 1156 2309 1218 ἀφειδεῖν
2340 1161 2386 1204 in
2413 1175 2512 1204 ean-

353 1236 451 1281 dem
484 1235 654 1281 scilicet
679 1236 904 1280 notionem
930 1236 1060 1291 coire,
1095 1234 1172 1279 eed
1199 1235 1284 1294 ipsi
1307 1234 1411 1279 dum
1438 1235 1716 1280 incredibilia
1743 1237 2129 1280 comminiscuntur
2159 1246 2234 1280 aut
2260 1239 2517 1293 reiectanea,

355 1322 401 1359 ut
432 1330 558 1360 usum
592 1314 713 1359 verbi
744 1315 792 1358 in
824 1314 1140 1359 dubitationem
1173 1315 1314 1358 vocati
1348 1314 1744 1372 circumspicerent,
1778 1329 1833 1358 ne
1868 1315 1910 1357 hi
1942 1315 2118 1373 quidem
2151 1331 2178 1358 a
2209 1331 2255 1359 se
2287 1317 2519 1373 impetrare

352 1399 597 1451 potuerunt.
658 1391 814 1450 Itaque
845 1392 892 1435 in
924 1391 1007 1436 hac
1038 1389 1292 1450 quaestione
1331 1393 1499 1436 exstitit
1538 1392 1697 1450 diuque
1728 1394 1971 1450 permansit
2008 1407 2060 1436 ea
2098 1394 2294 1437 condicio
2327 1408 2438 1452 quae
2471 1396 2516 1437 in

352 1478 419 1515 tot
455 1470 748 1515 controversis
785 1469 985 1514 versibus
1018 1466 1274 1528 Sophocleis
1313 1469 1463 1513 haeret
1500 1476 1675 1528 propter
1706 1470 1927 1526 ignaviam
1966 1470 2270 1528 interpretum,
2310 1478 2358 1514 ut
2394 1471 2519 1515 alteri

352 1556 514 1606 negent
544 1547 660 1607 quod
693 1547 819 1592 alteri
851 1547 1072 1592 affirmant
1102 1546 1180 1592 sed
1210 1563 1237 1592 a
1266 1554 1422 1592 neutra
1452 1555 1576 1606 parte
1606 1547 1812 1593 afferatur
1842 1562 1928 1607 quo
1966 1548 2103 1592 altera
2134 1549 2333 1593 convinci
2367 1549 2519 1608 possit.

352 1627 505 1685 Longe
538 1625 794 1686 prudentius
826 1625 940 1671 hanc
971 1641 1150 1671 causam
1180 1626 1270 1683 egit
1290 1626 1531 1682 Bonitzius,
1567 1633 1613 1670 ut
1633 1627 1727 1670 eius
1759 1626 2001 1670 sollertiam
2022 1627 2189 1684 ingenii
2210 1627 2412 1671 decebat:
2446 1629 2519 1686 qui

353 1706 399 1750 in
432 1704 606 1751 schedis
639 1702 896 1764 Sophocleis
929 1719 967 1749 a.
994 1703 1107 1750 1857
1141 1704 1271 1749 editis
1293 1702 1346 1761 (11
1371 1720 1412 1763 p.
1430 1702 1522 1762 48),
1557 1711 1603 1749 ut
1635 1719 1849 1749 summam
1878 1705 1971 1749 eius
2000 1704 2308 1763 disputationis
2335 1706 2521 1764 amplec-

353 1792 509 1842 tamur,
542 1785 606 1830 ita
637 1784 825 1842 disserit,
860 1784 975 1843 quod
1007 1784 1184 1829 Electra
1204 1781 1448 1843 Sophoclea
1479 1784 1596 1828 dieat
1626 1781 1686 1841 (v.
1710 1781 1820 1840 980)
1848 1787 1989 1842 ψυχῆς
2020 1782 2325 1844 ἀφειδήσαντε,
2358 1785 2403 1829 id
2426 1801 2521 1844 pro·

353 1865 537 1924 prietate
576 1864 768 1908 nominis
799 1865 895 1907 fieri
935 1871 981 1907 ut
1011 1865 1056 1907 in
1090 1878 1266 1908 sensum
1298 1862 1567 1921 ἀμελήσαντε
1598 1866 1741 1920 ψυχῆς
1772 1865 1867 1908 sive
1896 1869 1994 1921 βίου
2026 1865 2223 1922 accipere
2254 1866 2402 1920 liceat,
2445 1866 2521 1909 sed

353 1944 470 1988 idem
501 1958 583 1988 nec
620 1944 666 1987 in
699 1943 876 1987 nomina
907 1942 1061 1987 cadere
1093 1942 1235 2001 qualis
1268 1941 1402 1994 πόνος
1439 1950 1506 1987 est
1544 1958 1626 1987 nec
1665 1943 1843 1988 omnino
1883 1944 2091 1988 credibile
2129 1959 2225 1988 esse
2263 1944 2379 2002 quod
2411 1944 2520 1988 Her-

355 2037 540 2066 mannus
579 2028 790 2066 statuerat
828 2018 1026 2078 ἀφειδεῖν
1063 2021 1265 2065 universe
1303 2021 1391 2065 vim
1430 2021 1680 2078 negligendi
1714 2021 1783 2064 vel
1814 2021 2124 2065 contemnendi
2156 2021 2370 2077 induisse3
2404 2022 2520 2080 quod

356 2102 516 2160 quibus
549 2101 760 2158 exemplis
799 2101 1032 2144 monstrari
1063 2101 1357 2158 lexicographi
1389 2101 1648 2158 putaverint,
1683 2098 1926 2155 Strabonis,
1961 2101 2184 2158 Euripidis
2207 2099 2366 2158 (lphig.
2391 2101 2519 2144 Taur.

357 2178 506 2236 1354),
539 2179 765 2237 Apollonii
788 2179 952 2223 Rhodii
982 2168 1194 2236 (1,'338),
1227 2179 1283 2222 iis
1315 2195 1402 2222 non
1433 2179 1516 2222 hoc
1545 2180 1717 2236 probari
1752 2179 1829 2222 sed
1864 2180 2008 2223 ubivis
2041 2181 2259 2237 propriam
2286 2178 2391 2222 ‘non
2424 2195 2520 2237 par—

355 2257 504 2304 cendi’
545 2260 767 2303 notionem
791 2259 1033 2317 perspicue
1071 2260 1270 2315 agnosci3
1311 2260 1384 2317 qui
1423 2274 1525 2302 vero
1565 2275 1714 2302 versus
1747 2259 1902 2302 unicus
1933 2260 2162 2317 Apollonii
2194 2258 2255 2314 (2,
2286 2257 2365 2314 98)
2397 2259 2447 2303 οὗ
2480 2261 2520 2302 δ’

357 2337 449 2397 ἄρα
472 2343 690 2396 Βέβρυκες
721 2339 878 2395 ἄνδρες
909 2336 1154 2397 ἀφείδησαν
1183 2341 1387 2396 βασιλῆος
1417 2340 1462 2382 in
1495 2340 1757 2382 contrariam
1790 2346 1955 2397 partem
1980 2340 2124 2382 valere
2146 2340 2378 2395 videretur,
2402 2341 2445 2382 in
2470 2356 2520 2382 eo

355 2419 616 2465 Merkelium
639 2419 809 2462 censuit
835 2433 913 2462 suo
944 2418 1038 2462 iure
1070 2434 1096 2462 a
1117 2416 1425 2463 Choerobosco
1451 2419 1734 2477 grammatico
1755 2419 1997 2462 exhibitam
2020 2419 2279 2476 scripturam
2301 2416 2521 2476 ἄκήδησαν

358 2498 557 2543 codicum
587 2498 764 2559 lectioni
798 2497 1075 2555 praetulisset,
1108 2505 1152 2541 et
1182 2497 1296 2541 hanc
1326 2512 1475 2541 vocem
1509 2498 1736 2556 probabile
1768 2513 1864 2541 esse
1892 2498 2022 2540 etiam
2052 2499 2095 2540 in
2118 2513 2247 2540 versu
2270 2498 2520 2553 Antigonae

358 2578 501 2621 locum
533 2577 752 2631 habuisse,
785 2580 827 2620 εἴ
855 2593 916 2627 τις
947 2577 1062 2621 τοῦδ’
1091 2575 1335 2634 ἀκηδήσοι
1369 2576 1519 2630 πόνου,
1552 2577 1597 2620 id
1630 2592 1681 2620 eo
1712 2576 2011 2632 verisimilius,
2046 2577 2149 2634 quia
2180 2576 2257 2619 has
2287 2577 2517 2620 verborum

358 2656 520 2700 formas
553 2654 684 2700 etiam
716 2655 821 2699 alibi
854 2655 1129 2700 librariorum
1162 2670 1306 2699 errore
1338 2656 1451 2700 inter
1482 2670 1529 2700 se
1559 2662 1824 2714 permutatas
1857 2669 1952 2698 esse
1985 2661 2215 2698 constaret.
2270 2653 2395 2709 Quae
2429 2664 2522 2698 erat

358 2734 549 2778 hominis
585 2734 872 2790 intelligentis
893 2740 948 2776 ‘et
977 2734 1093 2776 acuti
1126 2733 1375 2791 disputatio,
1416 2736 1492 2791 qui
1524 2734 1605 2777 hoc
1636 2735 1728 2790 agit
1760 2741 1806 2776 ut
1835 2740 2185 2790 argumentorum
2221 2734 2282 2787 vi,
2318 2748 2415 2775 cum
2449 2734 2520 2776 de·

358 2819 591 2869 monstrat,
632 2811 720 2855 alia
755 2810 928 2868 refellit,
967 2810 1131 2870 aliquid
1172 2810 1352 2867 efficiat,
1391 2812 1506 2870 quod
1535 2812 1708 2870 probari
1742 2811 1841 2855 aliis
1873 2811 2028 2869 possit3
2068 2825 2148 2854 nec
2180 2810 2316 2853 defuit
2351 2826 2520 2855 succes-

360 2908 447 2937 sus.
491 2892 610 2937 Raro
636 2892 745 2936 alias
774 2891 1042 2935 divinatione
1072 2891 1198 2935 unius
1220 2891 1447 2936 inventum
1470 2891 1580 2935 adeo
1602 2892 1820 2936 communi
1842 2892 2037 2935 omnium
2058 2905 2271 2934 consensu
2295 2898 2520 2948 acceptum

360 2977 440 3014 est.
503 2970 779 3028 Receperunt
805 2968 995 3013 Bonitzii
1028 2966 1233 3026 ἀκηδήσοι
1264 2970 1413 3013 nescio
1445 2976 1552 3027 quot
1583 2969 1848 3013 editionibus
1881 2969 2137 3013 Dindorfius
2169 2976 2214 3011 et
2244 2969 2316 3025 qui
2351 2976 2521 3012 sextam

360 3047 579 3092 Dindorfii
607 3047 957 3092 Teubnerianam
987 3047 1160 3104 paravit
1184 3044 1341 3104 Siegfr.
1365 3046 1605 3101 Meklerus3
1638 3046 1887 3091 Meinekius
1914 3047 2116 3104 probavit
2142 3046 2261 3089 edita
2281 3047 2521 3103 Antigona,

361 3141 625 3186 quamquam
656 3127 702 3170 in
734 3126 865 3170 Anal.
889 3126 1017 3170 Alex.
1040 3141 1082 3184 p.
1108 3126 1195 3170 130
1225 3125 1511 3182 Apollonium
1542 3125 1570 3168 l.
1601 3140 1637 3168 c.
1668 3121 1913 3182 ἀφείδησαν
1950 3125 2093 3181 potius
2132 3139 2260 3182 quam
2300 3121 2524 3182 ἆκήδησαν

362 3204 592 3263 scripsisse
624 3204 908 3260 existimarat,
942 3203 1166 3248 Nauckius
1197 3218 1288 3247 non
1315 3219 1403 3247 una
1421 3202 1562 3247 solum
1585 3202 1775 3247 editione
1796 3202 1972 3260 recepit,
2006 3202 2246 3260 probarunt
2265 3199 2520 3260 Seyffertus,

362 3282 634 3340 Wecklinus,
668 3284 760 3342 qui,
775 3283 830 3328 ab
856 3283 1107 3341 Antigonae
1138 3297 1264 3327 versu
1296 3281 1514 3341 profectus
1547 3281 1678 3325 etiam
1711 3281 1757 3325 in
1777 3280 1954 3324 Electra
1980 3281 2009 3324 1.
2033 3295 2070 3325 c.
2095 3282 2236 3338 ψυχῆς
2257 3279 2524 3339 ἀκηδήσαντε

363 3363 513 3421 reponi
555 3363 712 3419 suasit,
753 3361 1010 3418 Turnerius,
1048 3361 1248 3418 Iebbius,
1293 3368 1337 3404 et
1372 3361 1469 3420 quis
1508 3361 1624 3404 non‘?
1685 3360 1855 3403 Horum
1894 3369 2039 3403 tamen
2078 3360 2272 3403 omnium
2311 3376 2439 3404 nemo
2478 3362 2522 3404 in
