3009 3773
1422 164 1478 209 13

368 281 571 342 pretandi
609 282 786 328 modum
823 282 1064 339 referimus,
1103 283 1264 329 Dionis
1296 281 1614 343 Chrysostomi,
1655 299 1784 343 quem
1823 285 1925 328 olim
1959 301 1986 328 a
2017 285 2144 329 nobis
2177 284 2530 328 adolescentibus

368 360 562 405 studiose
595 367 827 418 versatum,
851 361 968 420 quod
990 361 1332 406 modo-recolere
1353 363 1588 421 coepimus,
1612 364 1825 406 beneficio
1848 363 2010 406 factum
2033 370 2100 406 est
2120 363 2300 407 Ioannis
2322 363 2528 418 Arnimii,

367 439 448 483 viri
482 438 657 497 nobilis,
689 439 764 498 qui
795 439 982 498 priorem
1014 440 1257 485 orationum
1291 446 1456 499 partem
1489 440 1546 484 ad
1576 440 1748 485 codices
1777 441 2009 499 diligenter
2030 456 2238 486 excussos
2260 442 2529 499 recognitam

366 518 630 576 ingenioque
646 524 736 562 tam
760 533 838 562 suo
860 533 988 576 quam
1012 518 1156 563 alieno
1177 518 1452 563 emendatam
1475 519 1625 564 edidit.
1673 519 1760 563 Dio
1781 520 1915 578 igitur
1936 521 2085 564 statim
2107 521 2152 564 in
2175 521 2317 578 prima
2333 520 2529 563 oratione

367 594 477 639 haec
508 580 691 658 scripsit
708 597 747 652 1,
771 596 813 640 6.

727 672 751 718 ὃ
781 675 888 728 γοῦν
922 672 1158 731 Τιμόθεος,
1189 676 1230 718 εἴ
1249 673 1458 731 καθάπερ
1490 674 1723 732 πολεμικόν
1754 692 1850 720 τινα
1881 676 2076 720 διελθεῖν
2096 675 2187 738 ᾔδει
2208 675 2363 733 νόμον,
2395 676 2528 726 οὕτως

870 750 1076 810 ἠπίστατο
1108 752 1283 811 αὔλημα
1314 753 1490 797 δικαίαν
1519 756 1593 797 καὶ
1624 753 1840 812 φρόνιμον
1868 758 1940 798 καὶ
1962 754 2171 812 σώφρονα
2193 754 2267 812 τὴν
2289 754 2434 811 ψυχὴν
2455 758 2528 797 καὶ

869 831 1195 888 φιλάνθρωπον
1225 831 1472 888 δυνάμενον
1503 842 1760 888 παρασχεῖν,
1791 822 1977 890 μὴ’πρός
2006 835 2122 878 ὅπλα
2154 833 2360 889 ὁρμῶσαν
2389 833 2526 889 μόνον

867 908 982 955 ἀλλὰ
1012 912 1086 955 ἐπί
1115 928 1159 955 τε
1188 910 1360 968 εἰρήνην
1390 914 1463 954 καὶ
1500 910 1711 967 ὁμόνοιαν
1741 914 1814 954 καὶ
1847 914 1967 955 θεῶν
2004 912 2127 968 τιμὰς
2158 915 2231 955 καὶ
2269 909 2527 968 ἀνθρώπων

867 990 1132 1045 ἐπιμέλειαν,
1164 990 1255 1034 τοῦ
1285 987 1476 1039 παντὸς
1501 990 1568 1033 α“ν
1595 987 1656 1047 ἦν
1687 987 2172 1045 ἄξιοςῖάλεξιένδρῳ
2204 998 2452 1044 παρεῖναι
2482 1007 2526 1033 τε

868 1069 960 1110 καὶ·
985 1067 1254 1118 ἐπαυλεῖν,
1285 1063 1338 1112 οὗ
1367 1065 1524 1112 θύοντι
1553 1066 1691 1123 μόνον
1721 1064 1837 1111 ἀλλὰ
1869 1069 1942 1111 καὶ
1973 1066 2117 1118 ἄλλως
2147 1069 2235 1111 κτλ.

362 1145 460 1189 Νοιι
493 1145 754 1203 negligimus
787 1145 1102 1202 praetereundo
1136 1161 1387 1203 memorare,
1423 1161 1519 1190 cum
1551 1146 1614 1190 ita
1645 1145 1764 1190 dicat
1793 1147 1832 1190 εἰ
1861 1142 2082 1203 ἠπίστατο,
2114 1145 2234 1200 ἄξιος
2266 1146 2323 1190 ἂν
2355 1143 2407 1203 ἦν
2429 1143 2524 1191 'AL

360 1234 567 1280 παρεῖναι
588 1223 631 1269 h.
649 1240 685 1268 e.
710 1225 745 1268 si
770 1225 983 1284 scivisset,
1009 1224 1167 1282 dignus
1189 1233 1306 1269 esset
1326 1225 1400 1284 qui
1423 1225 1678 1270 Alexandro
1700 1225 1887 1281 adesset,
1914 1225 2020 1269 haec
2043 1224 2201 1269 habere
2223 1240 2318 1269 eam
2340 1225 2523 1269 formam

360 1303 571 1348 orationis
603 1319 731 1362 quam
765 1303 956 1362 quidam,
992 1312 1039 1348 ut
1059 1304 1261 1359 vidimus,
1297 1302 1528 1363 Sophoclis
1552 1304 1695 1348 versui
1723 1312 1894 1363 praeter
1924 1304 2132 1348 librorum
2161 1304 2457 1347 testimouium
2482 1312 2526 1347 et

360 1389 531 1439 praeter
562 1390 715 1439 poetae
747 1389 936 1425 mentem
969 1382 1201 1425 obtrudere
1233 1380 1377 1426 conati
1409 1390 1522 1426 sunt.
1573 1381 1659 1426 Sed
1691 1382 1774 1426 Dio
1808 1382 1923 1440 quod
1955 1382 2017 1425 ita
2048 1382 2249 1439 loquitur,
2284 1397 2372 1425 non
2404 1382 2525 1434 ἄξιος

359 1460 418 1501 ἂν
449 1457 501 1516 ἦν
523 1456 800 1515 Ἀλεξάνδρῳ
833 1468 1038 1515 παρεῖναι
1069 1459 1144 1503 sed
1178 1461 1253 1503 τοῦ
1282 1459 1446 1510 παντὸς
1477 1461 1533 1502 ἄν
1565 1458 1616 1516 ἦν
1647 1460 1767 1512 ἄξιος
1789 1457 1879 1503 'AL
1902 1469 2120 1514 παρεῖναι,
2154 1459 2238 1502 duo
2269 1460 2349 1502 viri
2371 1474 2524 1515 graece

359 1536 553 1594 perdocti
588 1536 822 1580 haeserunt
843 1537 1132 1596 obstupefacti
1155 1553 1295 1595 neque
1318 1553 1364 1581 se
1386 1537 1690 1594 expedierunt3
1720 1552 1903 1595 quorum
1928 1536 2289 1581 Wilamowitzius
2318 1536 2392 1580 διὰ
2415 1553 2523 1580 παν-

359 1613 428 1664 τός
450 1614 669 1657 dubitanti
691 1616 941 1658 coniectura
962 1630 1039 1672 pro
1071 1617 1146 1659 τοῦ
1177 1614 1357 1669 παντός,
1390 1616 1617 1658 Arnimius
1640 1618 1715 1658 τοῦ
1745 1615 1909 1665 παντὸς
1941 1617 1999 1658 ἂν
2020 1614 2073 1672 ἦν
2100 1615 2222 1667 ἄξιος
2253 1623 2457 1669 παρεῖναι
2480 1631 2524 1657 τε

357 1694 430 1734 καὶ
450 1693 656 1736 ἐπαυλεῖν
687 1691 903 1746 (ἐθέλων)
932 1692 1083 1736 addito
1105 1693 1335 1751 participio
1358 1692 1635 1736 scribendum
1660 1693 1897 1751 proposuit.
1944 1691 2032 1736 Sed
2055 1693 2108 1736 iis
2131 1692 2200 1736 his
2223 1692 2331 1749 ipsis
2354 1691 2520 1746 diebus,

357 1771 515 1828 quibus
553 1770 661 1813 haec
699 1772 943 1827 scribimus,
985 1771 1178 1815 eruditus
1210 1771 1403 1815 Batavus
1434 1772 1694 1829 repugnavit
1724 1770 2046 1814 Herwerdenus
2083 1770 2317 1825 (Mnemos.
2341 1786 2378 1814 a.
2406 1770 2522 1814 1894

358 1864 398 1906 p.
425 1846 543 1904 125),
567 1850 642 1907 qui
666 1865 774 1892 sana
794 1864 890 1893 esse
914 1851 1046 1892 verba
1070 1849 1224 1892 Dionis
1246 1857 1480 1905 asseverat,
1505 1849 1581 1892 sed
1605 1864 1716 1907 quae
1744 1849 1869 1892 affert
1891 1849 1993 1892 dum
2015 1857 2278 1907 reputamus,
2313 1848 2520 1892 orationis

356 1935 556 1971 naturam
588 1943 740 1985 parum
770 1928 897 1971 nobis
925 1929 1200 1986 perspexisse
1223 1928 1470 1983 videbatur3
1503 1944 1603 1972 nam
1626 1929 1742 1986 quod
1766 1929 1827 1971 ait
1848 1924 2011 1972 ‘omnis
2035 1929 2275 1971 sententiae
2298 1928 2364 1970 vis
2387 1934 2453 1971 est
2473 1928 2517 1970 in

356 2003 408 2049 οὗ
429 2004 566 2062 μόνον
589 2030 645 2035 -
668 2003 782 2051 ἀλλὰ
812 2011 886 2049 καί
896 2004 911 2020 ²
945 2006 1001 2049 ad
1034 2007 1146 2050 hanc
1178 2022 1354 2050 causam
1386 2022 1515 2064 quam
1549 2007 1719 2063 agimus
1752 2006 1862 2050 nihil
1894 2007 2094 2064 pertinet,
2129 2013 2172 2048 et
2203 2005 2317 2063 quod
2342 2003 2413 2048 ‘ad
2446 2006 2521 2049 τοῦ

357 2083 519 2134 παντὸς
549 2084 671 2138 ἄξιος
702 2085 887 2128 conferri
920 2085 1041 2128 iubet
1070 2098 1104 2129 11
1129 2084 1157 2137 ξ
1179 2081 1245 2140 8²,
1281 2085 1356 2128 ubi
1386 2084 1494 2129 haec
1526 2085 1730 2142 leguntur
1756 2085 1830 2129 τὸν
1861 2085 1910 2129 δὲ
1934 2083 2152 2136 Ἡσίοδον,
2183 2081 2218 2127 ὦ
2245 2079 2519 2138 Ἀλέξανδρε,

357 2159 504 2217 ὀλίγου
535 2161 660 2216 ἄξιον
691 2167 858 2219 κρίνεις,
891 2163 990 2221 ἔφη,
1022 2161 1202 2221 ποιητήν
1209 2183 1225 2217 ,·
1257 2160 1334 2207 οὗκ
1364 2163 1514 2217 ἔγωγε,
1545 2165 1681 2215 εἶπεν,
1713 2159 1829 2208 ἀλλὰ
1859 2165 1935 2207 τοῦ
1964 2161 2138 2213 παντός,
2172 2162 2331 2220 quibus
2358 2161 2517 2205 addere

355 2249 537 2299 poterat,
572 2242 610 2286 si
638 2242 749 2286 tanti
772 2249 875 2298 erat,
906 2257 1017 2300 quae
1039 2249 1215 2286 exstant
1234 2242 1280 2285 in
1308 2257 1369 2286 or.
1393 2242 1434 2299 3,
1462 2243 1549 2287 104
1579 2243 1618 2285 εἰ
1648 2242 1698 2285 δὲ
1720 2239 1951 2300 ὀφθαλμοὶ
1981 2243 2072 2296 (καὶ
2093 2239 2201 2290 dm>
2231 2243 2304 2284 καὶ
2332 2242 2517 2294 γλῶτται

355 2322 429 2363 καὶ
458 2328 594 2376 χεῖρες
625 2317 852 2379 ἀνθρώπῳ
884 2323 959 2365 τοῦ
989 2320 1150 2372 παντὸς
1181 2320 1286 2373 ἄξια
1314 2318 1367 2365 οὗ
1390 2319 1529 2377 μόνον
1560 2320 1666 2376 πρὸς
1697 2321 1744 2364 τὸ
1775 2321 1963 2377 ἥδεσθαι
1990 2321 2127 2372 ζῶντα
2158 2317 2274 2363 ἀλλὰ
2292 2319 2517 2364 δύνασθαι

355 2399 446 2454 ζῆν,
467 2413 596 2442 nemo
619 2398 837 2442 dubitavit
858 2399 961 2457 quin
985 2402 1061 2443 τοῦ
1081 2398 1244 2450 παντὸς
1265 2399 1385 2452 ἄξιος
1402 2406 1518 2442 recte
1536 2399 1762 2454 diceretur,
1788 2399 1865 2442 sed
1882 2406 1926 2442 et
1941 2397 2301 2443 Wilamowitzius
2320 2406 2362 2442 et
2377 2398 2517 2441 editor

341 2478 510 2522 offensi
542 2478 658 2536 quod
690 2478 811 2531 ἄξιος
843 2478 1106 2522 adiectivum
1138 2480 1265 2537 quasi
1295 2479 1469 2535 gemino
1501 2494 1631 2521 onere
1662 2494 1860 2535 pressum
1891 2486 2096 2534 gemeret,
2129 2494 2182 2521 ex
2214 2479 2349 2521 altero
2382 2478 2515 2520 latere

353 2555 549 2614 genitivo
572 2558 646 2599 τοῦ
666 2555 844 2607 παντός,
867 2570 921 2598 ex
943 2556 1080 2598 altero
1103 2564 1247 2598 autem
1269 2557 1487 2598 infinitivo
1509 2556 1678 2598 adiecto
1701 2565 1921 2610 παρεῖναι,
1950 2556 2088 2597 altera
2108 2565 2204 2597 utra
2224 2564 2347 2612 parte
2368 2556 2515 2597 levare

353 2649 505 2677 vocem
527 2634 823 2689 instituerunt,
843 2648 941 2677 cum
964 2634 1073 2677 alter
1094 2633 1170 2677 διὰ
1192 2633 1355 2685 παντὸς
1376 2635 1586 2677 scriberet
1607 2633 1649 2676 h.
1667 2649 1703 2676 e.
1723 2641 1940 2690 perpetuo,
1963 2642 2008 2675 ut
2028 2641 2244 2676 restarent
2265 2633 2372 2676 haec
2394 2632 2514 2684 ἄξιος

355 2713 413 2756 ἄν
434 2711 487 2771 ἦν
508 2710 598 2757 Ἀλ.
623 2722 841 2770 παρεῖναι,
874 2712 984 2755 alter
1005 2721 1162 2767 autem,
1196 2727 1282 2770 quo
1306 2713 1439 2755 verba
1465 2714 1540 2755 τοῦ
1561 2712 1722 2762 παντὸς
1744 2711 1863 2764 ἄξιος
1886 2713 1942 2754 ἂν
1965 2709 2016 2766 ἦν
2037 2712 2250 2768 integram
2273 2711 2513 2754 orationem

354 2792 588 2847 efficerent,
622 2792 865 2836 infinitivus
896 2801 1101 2847 παρεῖναι
1133 2791 1247 2834 unde
1278 2791 1487 2849 penderet
1508 2791 1785 2849 participium
1816 2792 1988 2835 ἐθέλων
2019 2790 2266 2834 addendum
2300 2797 2512 2835 censeret.

354 2873 517 2916 Verum
548 2871 657 2916 haec
689 2871 772 2916 etsi
804 2871 1039 2929 prudenter
1070 2870 1316 2927 excogitata
1346 2878 1466 2925 sunt,
1505 2885 1646 2928 neque
1678 2869 1811 2914 Dioni
1845 2869 2091 2914 obtruditur
2122 2868 2238 2928 quod
2271 2870 2512 2914 orationem

352 2951 445 2995 eius
478 2950 703 3007 dedeceat,
737 2959 881 2995 tamen
916 2966 989 2994 eos
1022 2950 1106 2993 iam
1141 2957 1341 3007 putamus
1373 2949 1565 2993 fassuros
1597 2964 1694 2993 esse
1726 2946 1857 2993 Dioni
1898 2949 2078 2993 concedi
2109 2957 2308 3007 oportere
2340 2949 2457 3007 quod
2489 2966 2514 2992 a

352 3026 581 3087 Sophocle,
617 3044 643 3072 a
663 3028 846 3072 Platone
867 3028 1056 3071 alienum
1079 3042 1164 3070 non
1199 3042 1295 3071 esse
1317 3027 1611 3071 intelleximus
1621 3025 1677 3082 *).
1726 3027 1785 3070 Et
1807 3028 1888 3070 hoc
1916 3028 2048 3083 igitur
2069 3028 2269 3084 exemplo
2292 3029 2512 3085 probatur,

569 3221 606 3264 *)
633 3219 790 3257 Dionem
815 3231 898 3255 cum
924 3220 1041 3255 semel
1057 3218 1096 3255 in
1115 3230 1265 3255 manum
1284 3217 1562 3264 sumpserimus,
1591 3218 1681 3263 qnid
1699 3222 1805 3254 vetat
1821 3218 2059 3264 perbreviter
2076 3217 2115 3255 in
2133 3218 2378 3256 adnotatione
2397 3218 2513 3264 signi-

349 3285 475 3330 ficare,
499 3297 612 3323 unum
629 3290 670 3323 et
687 3286 849 3323 alterum
877 3286 997 3322 locum
1015 3296 1063 3322 ex
1080 3283 1161 3322 eius
1187 3283 1423 3322 orationibus
1449 3283 1759 3330 quemadmodum
1785 3283 1980 3321 emendari
2005 3295 2116 3331 posse
2143 3283 2352 3331 opinemur.
2393 3285 2449 3328 12,
2466 3285 2511 3321 12

350 3355 457 3390 ταῦτα
481 3355 520 3390 δὲ
546 3354 633 3403 ὑμῖν
657 3356 822 3391 ἐναντίον
846 3351 944 3390 τοῦδε
970 3354 1029 3390 τοῦ
1052 3352 1139 3389 θεοῦ
1162 3353 1324 3403 προλέγω
1341 3353 1403 3389 καὶ
1419 3349 1644 3401 ξυμβουλεύω
1662 3352 1708 3387 δι’
1726 3350 1869 3388 εὔνοιαν
1885 3352 1947 3387 καὶ
1965 3354 2091 3398 φιλίαν
2116 3349 2380 3400 προαγόμενος.
2407 3354 2512 3401 οἶμαι
