3009 3773
1535 203 1564 247 θ

458 323 761 367 condicionem
794 324 832 366 ei
867 339 997 381 quam
1037 321 1419 381 Chrysothemidis
1458 338 1594 380 pavor
1625 330 1669 366 et
1701 322 1839 367 sensit
1870 331 1915 367 et
1952 322 2236 378 significavit,
2281 329 2326 365 ut
2365 321 2451 365 iam
2492 321 2630 365 oratio

458 402 663 445 deveniat
700 417 786 460 quo
821 402 1094 457 volebamus,
1133 402 1381 459 Xenophon
1425 401 1625 458 depinxit
1655 402 1702 444 in
1732 402 1931 445 Anabasi
1972 416 2070 446 cum
2103 402 2167 445 ita
2203 400 2358 445 scribit
2387 397 2454 455 (3,
2483 401 2527 454 1,
2551 395 2630 454 29)

456 483 551 524 ἐπεὶ
572 481 610 523 δ’
625 478 683 524 αὖ
714 480 755 524 οἳ
783 483 1010 537 στρατηγοὶ
1036 483 1110 523 καὶ
1136 481 1332 535 λοχαγοί,
1365 480 1508 534 ὥσπερ
1530 480 1582 536 δὴ
1613 479 1665 524 σὺ
1695 478 1895 530 κελεύεις,
1927 482 1988 531 εἰς
2009 478 2166 533 λόγους
2187 476 2332 529 αὗτοτς
2353 476 2459 522 ἄνευ
2481 477 2631 521 ὅπλων

459 558 600 615 ἦλθον
632 559 901 609 πιστεύοντες
933 569 1026 610 ταῖς
1057 559 1285 610 σπονδαῖς,
1316 555 1369 603 οὗ
1400 559 1478 602 νῦν
1509 559 1662 603 ἐκεῖνοι
1694 557 1925 614 παιόμενοι
1946 556 2218 615 κεντούμενοι
2239 555 2507 614 ὑβριζόμενοι
2527 553 2630 600 οὐδὲ

456 635 709 682 ἀποθανεῖν
736 638 778 682 οἳ
799 637 1005 695 τλήμονες
1026 637 1237 682 δύνανται
1263 643 1336 681 καὶ
1362 635 1469 694 μάλ’
1490 639 1614 693 οἶμαι
1644 638 1823 693 ἐρῶντες
1850 635 2027 690 τούτους
2059 634 2190 689 Quae
2207 636 2282 695 qui
2304 636 2350 680 in
2374 652 2506 680 unum
2529 649 2630 679 con-

457 715 607 759 tulerit
638 730 736 759 cum
769 715 824 759 iis
858 729 969 773 quae
1003 713 1206 772 Odyssea
1237 715 1365 758 nobis
1398 729 1530 773 supra
1562 714 1813 772 praebebat,
1846 713 2019 758 abunde
2052 713 2250 770 habebit,
2290 713 2451 772 quibus
2481 719 2526 756 et
2556 727 2630 756 ex·

458 793 638 851 planare
661 791 890 851 Sophoclis
919 794 1180 837 sententiam
1211 793 1351 850 possit
1378 799 1422 836 et
1454 793 1499 836 in
1524 792 1606 836 hac
1633 807 1804 850 quoque
1826 799 1948 849 parte
1973 792 2277 837 admirabilem
2298 792 2434 836 fuisse
2457 798 2627 849 poetam

457 872 715 928 patefacere.
765 870 1077 925 Quamobrem,
1100 876 1199 915 εἴτι
1225 871 1306 927 ἐμὴ
1331 871 1550 927 ξυμβουλὴ
1577 871 1640 914 ait
1666 869 1807 925 Plato,
1839 869 2046 914 Michaeli
2070 878 2219 914 nostro
2241 884 2504 927 magnopere
2531 884 2629 913 auc·

456 957 574 993 tores
605 952 755 1004 simus,
784 958 830 992 ut
858 965 1010 992 versus
1038 950 1344 1005 integerrimos
1366 950 1411 991 in
1441 955 1662 1005 posterum
1686 964 1813 991 cruce
1834 948 2003 1002 liberet,
2028 963 2084 991 ne
2106 948 2230 992 triste
2259 948 2432 1003 signum
2451 947 2629 1003 legenti·

458 1030 538 1073 bus
575 1028 871 1072 incommodet
908 1036 1149 1086 poetaeque
1182 1027 1376 1072 studiose
1405 1035 1602 1071 amantes
1636 1036 1799 1071 temere
1831 1026 2053 1084 impediat,
2089 1025 2287 1083 cupimus
2320 1034 2465 1071 autem
2497 1024 2628 1070 etiam

456 1107 501 1152 S.
525 1108 722 1151 Meklero
755 1107 1028 1165 persuasisse
1060 1123 1115 1151 ne
1148 1107 1291 1150 aliena
1323 1106 1580 1150 auctoritate
1608 1105 1814 1150 seductus
1845 1114 1997 1163 pergat
2028 1120 2107 1162 pro
2135 1104 2297 1163 spuriis
2326 1104 2486 1150 habere
2518 1119 2629 1162 quae

457 1187 731 1231 verissimam
764 1183 995 1243 Sophoclis
1029 1201 1206 1229 manum
1238 1184 1439 1243 produnt.

673 1265 715 1309 3.
765 1263 914 1308 Tertio
942 1263 1039 1308 loco
1068 1279 1122 1308 ex
1145 1262 1297 1327 eadem
1320 1262 1498 1307 Electra
1520 1262 1802 1320 proponimus
1825 1262 1932 1306 haec
1955 1261 2009 1306 de
2031 1261 2150 1307 chori
2175 1267 2305 1306 cantu
2333 1275 2443 1319 quae
2472 1260 2573 1304 inde
2601 1276 2627 1305 a

459 1360 500 1388 v.
519 1344 608 1389 495
635 1343 852 1401 leguntur.

1255 1398 1340 1454 πρὸ
1372 1398 1508 1441 τῶνδέ
1539 1401 1606 1441 τοί
1635 1398 1680 1455 μ’
1703 1398 1788 1453 ἔχει

1253 1475 1417 1533 μήποτε
1448 1474 1617 1532 μήποθ’
1639 1475 1741 1534 ἡμῖν

1254 1552 1420 1610 ἀψεγὲς
1451 1556 1564 1609 πελᾷ
1594 1557 1721 1610 τέρας

1253 1641 1340 1683 τοῖς
1372 1633 1506 1688 δρῶσι
1537 1634 1611 1676 καὶ
1642 1632 1895 1689 συνδρῶσιν.

455 1710 524 1754 De
546 1710 706 1768 quibus
729 1726 846 1754 nunc
867 1727 954 1754 non
988 1711 1116 1754 aliter
1149 1711 1362 1755 sentimus
1395 1718 1525 1769 atque
1554 1711 1659 1755 olim
1688 1726 1785 1755 cum
1819 1726 1871 1754 ea
1902 1711 1966 1754 sic
1998 1716 2114 1754 recte
2144 1711 2276 1755 scribi
2299 1710 2627 1754 affirmabamus

457 1796 504 1831 ut
532 1803 664 1846 supra
691 1789 835 1845 posita
862 1795 977 1832 sunt.
1027 1787 1140 1842 Quis
1168 1789 1295 1832 nobis
1324 1789 1539 1832 credidit?
1586 1788 1645 1832 Et
1666 1789 1776 1832 nihil
1806 1789 1905 1832 novi
1930 1788 2220 1832 afferebamus
2243 1788 2320 1832 sed
2343 1788 2628 1832 laudabamus

457 1882 553 1909 eam
587 1867 846 1923 scripturam
881 1882 1012 1923 quam
1046 1868 1102 1910 ab
1136 1867 1234 1909 aliis
1269 1867 1552 1910 constitutam
1583 1868 1680 1924 ipsa
1702 1867 1996 1910 Probabilitas
2024 1874 2073 1910 ut
2093 1867 2381 1924 opinabamur
2403 1867 2627 1910 suadebat.

456 1944 570 1987 Nam
588 1943 782 2001 profecto
800 1945 873 2001 qui
895 1944 1025 1988 huius
1043 1951 1198 1988 cantus
1216 1945 1299 1988 iter
1315 1961 1341 1988 a
1358 1944 1573 2002 principio
1591 1952 1844 2002 persecutus
1860 1943 2027 1999 fuisset,
2045 1943 2201 1989 deinde
2218 1959 2329 2002 quae
2346 1943 2629 1989 Laurentiani

458 2023 623 2065 codicis
639 2022 749 2065 fides
768 2022 946 2065 exhibet
967 2023 1052 2075 πρὸ
1073 2023 1212 2066 τῶνδέ
1233 2039 1297 2066 τοι
1317 2025 1360 2078 μ’
1383 2023 1468 2076 ἔχει
1489 2022 1657 2079 μήποθ’
1681 2022 1781 2078 ἡμῖν
1802 2021 1968 2077 ἀψεγὲς
1990 2023 2129 2066 πελᾶν
2150 2027 2276 2078 τέρας
2297 2031 2384 2073 τοῖς
2405 2023 2538 2078 δρῶσι
2559 2024 2632 2065 καὶ

457 2102 698 2158 συνδρῶσιν
718 2116 804 2144 non
828 2109 1039 2160 occupata
1061 2110 1206 2145 mente
1228 2103 1525 2161 perspexisset
1547 2102 1865 2161 diligenterque
1898 2108 2167 2160 temptasset,
2201 2118 2299 2145 eum
2323 2101 2521 2146 dubitare
2543 2117 2631 2145 non

457 2197 587 2240 posse
620 2183 894 2239 putabamus,
929 2182 1160 2225 mulierum
1193 2182 1527 2239 Mycenensium
1561 2190 1749 2225 mentem
1788 2182 1857 2225 his
1888 2182 1978 2225 fere
2012 2182 2158 2225 verbis
2196 2198 2444 2239 expressam
2479 2182 2630 2236 teneri,

458 2259 676 2315 τοιγάρτοι
695 2276 749 2316 με
771 2260 872 2315 ἔχει,
903 2259 1068 2317 μήποτε
1100 2264 1226 2316 τέρας
1258 2262 1371 2316 πελᾷ
1397 2269 1484 2311 τοῖς
1507 2262 1640 2316 δρῶσι
1662 2264 1735 2303 καὶ
1757 2261 2012 2316 συνδρῶσιν,
2046 2275 2185 2318 neque
2207 2260 2448 2304 desiderari
2471 2260 2525 2303 ad
2548 2261 2631 2314 ἔχει

459 2339 642 2383 verbum
675 2353 833 2382 nomen
867 2336 1156 2394 adiectum*)‚
1190 2339 1313 2383 cuius
1346 2340 1412 2383 vis
1446 2340 1567 2383 verbi
1601 2355 1655 2383 ex
1677 2354 1724 2382 re
1752 2340 1850 2396 ipsa
1881 2339 2211 2396 perspiceretur,
2246 2354 2342 2382 cum
2376 2339 2632 2396 praesertim

459 2432 569 2474 quae
602 2416 705 2459 inde
738 2431 953 2472 suspensa
973 2423 1041 2459 est
1062 2417 1280 2460 sententia
1302 2432 1328 2460 a
1353 2416 1517 2473 μήποτε
1549 2417 1764 2474 particula
1790 2424 1909 2460 recta
1941 2417 2183 2460 certissime
2209 2416 2395 2472 duceret,
2430 2432 2558 2460 nemo
2587 2425 2634 2460 ut

458 2493 682 2549 ambigere
714 2499 864 2550 posset
895 2492 1021 2550 quale
1053 2508 1211 2537 nomen
1236 2493 1513 2551 cogitaretur.
1562 2493 1716 2552 Itaque
1744 2493 1809 2537 sic
1830 2492 2041 2537 rationem
2076 2493 2381 2551 conclusimus,
2417 2502 2463 2537 ut
2494 2493 2632 2538 oratio

459 2578 693 2626 constaret,
727 2585 839 2628 quae
861 2571 1104 2615 labeculam
1126 2572 1260 2616 traxit
1291 2572 1335 2615 in
1361 2573 1571 2616 memoria
1602 2571 1779 2624 codic-is,
1814 2571 1923 2615 nihil
1956 2571 2117 2629 requiri
2149 2572 2233 2615 nisi
2268 2579 2315 2615 ut
2346 2573 2485 2617 πελᾶν
2516 2572 2632 2630 quod

460 2651 585 2695 nihili
619 2658 737 2695 esset
769 2657 813 2694 et
845 2666 951 2694 sano
985 2652 1131 2695 sensui
1159 2651 1391 2696 manifesto
1425 2651 1717 2708 refragaretur
1747 2651 1976 2695 lenissimo
2009 2650 2137 2694 modo
2171 2658 2409 2695 mutaretur
2440 2653 2483 2695 in
2508 2653 2632 2707 πελᾷ,

460 2745 591 2787 quam
622 2728 807 2773 formam
840 2728 962 2772 verbi
995 2728 1092 2787 ipsa
1124 2729 1366 2773 sententiae
1399 2736 1618 2774 structura
1647 2729 1882 2786 flagitaret,
1924 2743 2202 2773 numerorum
2236 2737 2380 2781 autem
2412 2745 2631 2784 mensura,

678 2859 717 2904 *)
743 2859 850 2904 Quod
883 2859 921 2894 in
955 2858 1111 2894 scholiis
1136 2859 1184 2895 ad
1212 2870 1244 2895 v.
1262 2860 1332 2895 495
1366 2860 1434 2910 πρὸ
1468 2862 1577 2896 τῶνδέ
1609 2864 1660 2895 τοι
1690 2864 1822 2909 μ’ἕχει
1852 2865 2008 2907 praeter
2040 2860 2118 2896 alia
2150 2862 2244 2896 haec
2276 2859 2476 2895 adnotatio
2509 2860 2634 2895 fertur

461 2930 479 2962 ἔ
479 2940 551 2973 χει
577 2924 764 2972 θάρσος-ε
790 2923 827 2961 τό
848 2940 912 2961 τοι
935 2924 1133 2973 σύνδεσμος
1149 2925 1532 2974 παραπληρωματικός,
1549 2927 1648 2962 unde
1668 2925 1864 2963 Michaelis
1881 2926 1920 2962 in
1939 2926 2211 2972 scripturarum
2231 2936 2390 2963 recensu
2409 2928 2481 2973 ἔχει
2498 2924 2636 2974 θάρσος

461 2997 653 3036 tamquam
681 2990 908 3027 scholiorum
936 2988 1168 3036 scripturam
1195 2990 1327 3034 refert,
1354 2991 1399 3027 de
1424 2990 1536 3027 huius
1554 2991 1688 3028 scholii
1705 2991 1855 3029 ratione
1873 3002 1948 3028 non
1966 2997 2070 3029 recte
2088 2990 2247 3028 iudicari
2266 2990 2432 3035 videtum
2461 2990 2561 3036 quod
2579 2989 2634 3027 sic

461 3057 660 3103 opinamur
687 3056 926 3093 scribendum
953 3060 1015 3093 est
1040 3059 1148 3104 31⁰³
1173 3054 1326 3106 θάρσος,
1353 3056 1486 3094 deinde
1513 3057 1683 3103 sequitur
1709 3058 1836 3095 altera
1861 3058 2062 3095 adnotatio
2089 3058 2137 3094 ad
2156 3057 2315 3094 eundem
2333 3067 2482 3094 versum
2503 3057 2569 3093 sed
2587 3058 2635 3094 ad

462 3138 514 3170 τοι
538 3122 764 3169 particulam
789 3122 988 3169 pertinens
1016 3120 1053 3159 τό
1077 3137 1142 3158 τοι
1166 3122 1361 3172 σύνδεσμος
1378 3137 1414 3160 π.
1453 3123 1556 3160 Nihil
1580 3124 1640 3160 hic
1663 3124 1853 3171 interpres
1877 3123 1952 3161 nisi
1970 3127 2042 3173 ἔχει
2060 3124 2211 3171 legerat
2228 3124 2294 3160 sed
2312 3122 2480 3170 intelligi
2499 3121 2636 3174 θάρσος

461 3189 618 3226 indicat.
669 3190 723 3226 De
751 3188 863 3226 simili
891 3200 1036 3236 genere
1063 3188 1288 3225 scholiorum
1315 3188 1353 3225 in
1380 3190 1571 3235 prooemio
1599 3201 1633 3227 a.
1655 3191 1747 3228 1883
1773 3202 1808 3237 p.
1826 3191 1850 3227 5
1876 3189 2016 3229 dictum
2044 3194 2116 3227 est.
2144 3210 2187 3216 —
2203 3191 2259 3226 ·In
2288 3201 2402 3227 versu
2428 3189 2634 3237 Sophoclis,

463 3261 506 3293 ut
532 3257 601 3293 hoc
627 3257 804 3301 addatur,
831 3259 903 3305 ἔχει
929 3256 1093 3303 positum
1120 3261 1182 3293 est
1207 3267 1280 3293 non
1307 3256 1423 3294 aliter
1450 3261 1564 3302 atque
1590 3257 1628 3294 in
1655 3257 1797 3304 Oedipo
1825 3257 1870 3294 R.
1897 3257 1967 3294 726
1993 3255 2071 3294 οἷόν
2095 3261 2136 3305 μ’
2160 3255 2347 3294 ἀκούσαντ’
2370 3256 2502 3305 ἀρτίως
2527 3260 2631 3306 ἔχει,

462 3322 582 3371 γύναι,
608 3324 725 3372 ψυχῆς
748 3322 920 3372 πλόνημα
945 3322 1178 3369 κάνακίνησις
1204 3324 1361 3372 φρενῶν,
1386 3322 1458 3360 nisi
1486 3324 1584 3369 quod
1606 3323 1645 3360 in
1673 3323 1828 3361 Electra
1854 3322 1950 3361 nihil
1975 3323 2137 3361 nominis
2168 3322 2338 3361 additum
2369 3327 2441 3369 est,
2468 3329 2513 3361 ut
2541 3323 2635 3361 nihil

464 3388 768 3426 desiderabatur.
809 3388 858 3425 Es
876 3388 975 3435 fam
997 3389 1087 3426 mich
1112 3389 1188 3426 kalt
1214 3390 1300 3426 heim
1324 3388 1489 3437 Schfe,
1513 3388 1637 3435 inquit
1662 3389 1898 3436 Margareta.
