3009 3773
1551 187 1609 234 14

491 312 607 370 quod
633 312 844 367 volumus,
881 327 1009 370 posse
1032 312 1164 356 etiam
1188 318 1410 356 extremae
1432 312 1588 356 aetatis
1618 312 1874 370 scriptorem
1905 324 2233 369 nonnumquam
2266 309 2432 369 aliquid
2464 309 2667 354 utilitatis

491 391 644 433 afferre
667 390 723 434 ad
745 390 990 448 priscorum
1012 402 1238 449 poetarum
1259 391 1578 449 scriptorumve
1600 390 1843 434 orationem
1867 388 2173 434 declarandam
2196 403 2248 432 ac
2269 387 2591 432 stabiliendam.

711 471 753 513 6.
803 469 950 513 Unum
984 470 1115 512 etiam
1149 469 1423 522 versiculum,
1459 469 1592 512 immo
1625 484 1756 512 unam
1783 482 1950 524 vocem,
1983 468 2238 526 priusquam
2259 467 2393 510 finem
2415 465 2667 524 disputandi

490 546 717 602 faciamus,
752 549 997 591 accuratius
1026 547 1383 605 disceptabimus.
1446 547 1499 590 In
1525 548 1751 603 Antigona
1783 553 1943 602 custos,
1978 562 2075 590 cum
2098 562 2125 589 a
2146 559 2193 590 se
2225 546 2402 603 suisque
2434 544 2667 602 comitibus

495 624 811 682 deprehensam
847 641 943 669 esse
978 626 1245 682 Antigonam
1279 624 1506 682 Polynicis
1539 640 1696 683 corpus
1729 626 1891 668 nudum
1927 626 2144 669 abiectum
2177 624 2355 683 pulvere
2391 624 2667 680 obtegentem

492 703 706 759 perhibet,
742 704 806 748 sic
839 704 892 747 de
925 719 970 747 re
1003 711 1129 760 gesta
1161 719 1336 747 narrare
1369 703 1537 761 incipit.

921 783 1008 824 407
1074 782 1267 824 τοιοῦτον
1298 779 1351 837 ἦν
1381 781 1429 824 τὸ
1461 782 1639 837 πρᾶγμ’.
1671 780 1790 831 ὅπως
1819 783 1907 837 γὰρ
1938 780 2111 838 ἥκομεν,

1073 858 1183 916 πρὸς
1215 860 1294 904 σοῦ
1323 858 1377 903 τὰ
1409 859 1513 904 δείν’
1535 859 1658 904 ἐκεῖν’
1689 860 2032 918 ἐπηπειλημένοι,

1073 939 1224 983 πᾶσαν
1254 936 1376 983 κόνιν
1407 937 1614 995 σήραντες
1645 938 1672 996 ἣ
1700 947 1868 994 κατεῖχε
1897 937 1972 982 τὸν

920 1018 1012 1061 410
1073 1020 1214 1072 νέκυν,
1247 1017 1398 1073 μυδῶν
1430 1034 1474 1061 τε
1505 1018 1631 1073 σῶμα
1661 1015 1966 1073 γυμνώσαντες
1996 1013 2061 1067 εὖ,

1073 1092 1298 1152 καθήμεθ’
1320 1093 1466 1151 ἄκρων
1498 1095 1545 1139 ἐκ
1575 1093 1732 1149 πάγων
1763 1092 1993 1152 ὑπήνεμοι,

1075 1170 1212 1230 ὀσμὴν
1245 1171 1321 1217 ἀπ’
1343 1170 1478 1218 αὗτοῦ
1507 1172 1566 1230 μὴ
1595 1172 1724 1229 βάλοι
1756 1171 2034 1232 πεφευγότες,

1074 1254 1212 1308 ἐγερτὶ
1244 1253 1375 1297 κινῶν
1407 1251 1531 1309 ἄνδρ’
1554 1248 1666 1310 ἀνὴρ
1697 1250 1952 1310 ἐπιρρόθοις

919 1331 1010 1375 414
1071 1339 1282 1383 κακοῖσιν,
1313 1335 1356 1376 εἴ
1383 1347 1444 1383 τις
1476 1331 1592 1376 τοῦδ’
1614 1328 1892 1389 ἆφειδήσοι
1923 1329 2074 1376 πόνου.

494 1407 560 1450 De
595 1409 727 1451 verbo
762 1405 992 1464 ἆφειδήσοι
1024 1410 1178 1465 agitur,
1218 1409 1331 1466 quod
1366 1425 1504 1467 paene
1537 1409 1737 1452 ultimum
1767 1416 1834 1452 est
1866 1410 1911 1452 in
1948 1423 2076 1452 versu
2108 1416 2321 1463 extrem03
2362 1407 2484 1451 cuius
2517 1421 2668 1450 versus

494 1485 713 1528 sententia
740 1501 826 1529 non
861 1493 1005 1543 potest
1037 1486 1244 1543 ambigua
1275 1501 1391 1530 esse:
1435 1486 1517 1530 hoc
1550 1486 1666 1530 enim
1700 1486 1807 1530 dicit
1839 1493 1999 1541 custos,
2033 1485 2217 1529 alterum
2245 1485 2368 1529 alteri
2399 1500 2561 1540 eorum,
2595 1483 2669 1541 qui

493 1563 557 1607 ibi
591 1564 634 1607 in
669 1563 869 1608 custodia
901 1571 1037 1617 erant,
1072 1564 1189 1608 mala
1221 1564 1359 1608 multa
1390 1564 1641 1621 ingessisse,
1676 1565 1714 1608 si
1746 1565 1844 1623 quis
1872 1564 1989 1608 hunc
2010 1563 2219 1620 laborem,
2254 1564 2329 1622 qui
2360 1563 2415 1607 iis
2447 1563 2669 1607 iniunctus

493 1649 605 1699 erat,
646 1642 924 1700 neglecturus
963 1650 1093 1687 esset.
1164 1642 1318 1701 Neque
1357 1642 1587 1688 dubitabat
1624 1642 1679 1688 G.
1708 1643 1989 1688 Hermannus
2028 1642 2142 1687 hanc
2178 1643 2241 1686 illi
2282 1642 2414 1687 verbo
2452 1641 2669 1699 significa-

494 1721 658 1765 tionem
697 1721 907 1777 tribuere,
947 1736 1080 1780 quam
1112 1721 1196 1765 loci
1231 1728 1387 1765 natura
1418 1721 1663 1779 flagitabat3
1707 1723 1780 1780 qui
1814 1721 1921 1766 haec
1951 1721 2180 1766 adnotavit
2204 1719 2374 1766 ‘eodem
2406 1719 2548 1764 redire
2579 1723 2670 1778 φεί-

494 1799 656 1844 δεσθαι
687 1800 827 1845 πόνου
854 1806 899 1844 et
930 1797 1130 1858 ἀφειδεῖν
1151 1799 1302 1854 πόνου,
1337 1800 1542 1859 quoniam
1576 1800 1760 1845 alterum
1793 1808 1860 1845 est
1885 1815 1974 1846 non
1994 1802 2101 1845 satis
2122 1815 2278 1860 operae
2298 1799 2511 1857 adhibere,
2545 1799 2668 1844 alteri

495 1879 630 1922 verbo
662 1887 807 1922 autem
840 1878 1147 1923 contemnendi
1180 1886 1224 1922 et
1256 1879 1504 1936 negligendi
1538 1880 1657 1923 notio
1690 1876 1914 1923 adhaesit.²
1978 1877 2066 1924 Sed
2100 1880 2278 1923 verbum
2310 1877 2509 1935 ἀφειδεῖν
2536 1878 2671 1923 habu·

496 2058 533 2093 δὲ
561 2055 716 2106 ἐμαυτὸν
740 2057 788 2093 ἂν
818 2057 961 2104 πρῶτον
985 2060 1128 2094 πείθειν
1153 2059 1215 2093 καὶ
1240 2060 1472 2107 παρακαλεῖν,
1499 2060 1533 2094 εἴ
1553 2072 1620 2107 μοι
1645 2056 1687 2094 τὰ
1713 2059 1772 2094 τοῦ
1796 2056 1962 2107 σώματος
1978 2060 2041 2095 καί
2058 2057 2100 2095 τοὶ
2117 2059 2174 2104 τῆς
2191 2059 2325 2104 ἡλικίας
2350 2059 2540 2107 ἐπεδέχετο.
2581 2053 2671 2094 ἀλλά

494 2122 566 2169 γὰρ
582 2123 802 2169 (ἀγαπᾶν)
818 2121 964 2169 ἀνάγκη
983 2121 1043 2158 δια
1061 2122 1097 2158 τό
1115 2126 1339 2159 κακοπαθεῖν
1356 2125 1390 2158 εἴ
1403 2123 1473 2159 που
1491 2136 1523 2158 τι
1540 2121 1773 2172 δυνησόμεθα
1790 2123 1960 2174 εὑρέσθαι
1984 2123 2085 2175 παρὰ
2111 2125 2182 2160 τῶν
2206 2125 2371 2161 παλαιῶν
2390 2124 2536 2172 ἀνδρῶν
2552 2122 2670 2170 ὥσπερ

493 2187 741 2236 άπερριμένον
766 2188 830 2232 ἤδη
854 2190 918 2224 καὶ
943 2189 1053 2224 ἕωλον
1079 2192 1208 2234 σοφίας
1231 2192 1405 2235 λείψανον
1427 2186 1527 2237 χήτει
1551 2190 1621 2225 τῶν
1644 2187 1856 2239 κρειττόνων
1881 2203 1915 2225 τε
1937 2191 2000 2226 καί
2017 2189 2157 2232 ζώντων
2174 2189 2411 2227 διδασκάλων.
2450 2188 2671 2225 Addidimus

494 2259 656 2303 αγαπᾶν,
681 2257 781 2301 quod
805 2261 845 2292 et
870 2257 1062 2293 sententia
1089 2257 1242 2293 videtur
1267 2257 1440 2303 flagitari
1467 2263 1507 2294 et
1525 2269 1568 2293 eo
1589 2258 1671 2294 loco
1689 2257 1754 2293 ubi
1773 2257 2037 2294 collocavimus
2062 2256 2241 2306 perfacile
2266 2262 2423 2304 propter
2441 2256 2669 2303 praeceden-

496 2322 591 2360 tium
622 2328 662 2360 et
686 2322 968 2369 insequentium
997 2323 1228 2369 syllabarum
1256 2323 1543 2360 similitudinem
1570 2323 1720 2370 negligi
1744 2323 1891 2360 incuria
1916 2323 2053 2370 potuit.
2090 2324 2196 2370 Quod
2224 2323 2256 2360 si
2281 2324 2366 2370 quis
2391 2322 2570 2360 maluerit
2595 2323 2670 2359 ἀλλ’

495 2388 649 2438 α’γαπᾶν
665 2387 818 2438 ἀνάγκη,
845 2401 1071 2436 quamquam
1088 2390 1243 2438 propius
1263 2389 1381 2428 etiam
1394 2390 1444 2427 ad
1462 2390 1644 2428 traditam
1665 2389 1893 2437 scripturam
1913 2389 2073 2436 accedit,
2090 2390 2403 2428 reminiscendum
2422 2394 2494 2434 est.
2512 2388 2670 2426 Dionem

496 2467 611 2503 saepe
639 2467 780 2503 ponere
807 2456 894 2495 ἀλλά
921 2454 1007 2507 γάρ,
1034 2457 1132 2502 quod
1159 2468 1205 2494 ne
1232 2458 1279 2494 ab
1306 2457 1376 2494 bac
1402 2456 1549 2503 quidem
1578 2456 1773 2495 sententia
1798 2456 1961 2495 alienum
1988 2462 2085 2495 erat.

713 2525 772 2569 33,
791 2525 839 2561 56
864 2522 1015 2571 πότερον
1040 2521 1106 2562 οὖν
1129 2523 1391 2573 ἀσπαζομένων
1415 2523 1586 2569 ἀλλήλους
1612 2524 1851 2569 ἣκαλοὺντων
1868 2525 1888 2570 ἣ
1905 2527 2271 2575 φιλοφρονουμένων;
2296 2525 2571 2575 (οὗμενοῦν),
2595 2522 2677 2561 ἀλλ”

496 2591 615 2639 ὥσπερ
642 2591 812 2639 ὑμέναιος
831 2589 926 2627 ἴδιόν
944 2605 975 2627 τι
991 2594 1100 2639 μέλος
1125 2593 1219 2627 ἐστὶν
1243 2591 1398 2639 ἀρχαῖον
1423 2593 1482 2627 ἐπὶ
1507 2593 1577 2627 τῶν
1601 2589 1830 2639 γαμούντων,
1856 2591 1964 2633 οὕτως
1988 2590 2114 2634 καινὸς
2138 2587 2237 2634 οὗτος
2253 2591 2393 2641 εὕρηται
2409 2589 2552 2642 ῥυθμός
2566 2590 2674 2635 ἄλλης

496 2657 592 2699 τινὸς
617 2659 745 2706 ἑορτῆς.
785 2657 980 2693 Arnimius
1007 2657 1199 2694 intellexit
1224 2662 1315 2694 ante
1332 2656 1424 2694 ἀλλά
1441 2656 1482 2693 in
1499 2657 1762 2704 respondendo
1779 2657 1920 2703 aliquid
1940 2657 2161 2702 desiderari,
2189 2657 2337 2695 addidit
2353 2658 2532 2707 οὐδαμῶς.
2572 2657 2670 2695 Illud

496 2724 596 2768 quod
622 2723 815 2769 posuimus
842 2728 882 2758 et
908 2723 1101 2759 facilitate
1128 2724 1425 2766 commendatur,
1453 2724 1716 2768 praecedentis
1744 2723 1841 2759 enim
1869 2723 1972 2760 vocis
1998 2724 2156 2768 syllabis
2183 2725 2365 2760 extremis
2391 2723 2596 2770 geminatis
2615 2722 2669 2760 ef·

498 2788 636 2824 fectum
665 2791 738 2830 est,
766 2793 805 2823 et
823 2798 895 2823 usu
916 2787 1058 2833 Dionis,
1085 2787 1148 2833 qui
1175 2786 1350 2823 similiter
1376 2787 1509 2824 scribit
1526 2789 1583 2832 31,
1603 2789 1666 2832 ‘113
1694 2787 1781 2825 ibid.
1805 2788 1873 2825 128
1899 2788 1992 2826 haec
2019 2789 2136 2826 habet
2153 2792 2185 2826 τί
2201 2785 2284 2834 obt,-
2309 2791 2385 2827 ἔσθ’
2404 2788 2500 2831 ὅπως
2522 2789 2672 2837 παρεδέ-

496 2856 602 2895 ξαντο
629 2852 691 2890 τόν
716 2852 852 2903 νόμον,·
877 2852 1065 2902 οὐμενοῦν,
1090 2854 1165 2890 ἀλλ’
1183 2852 1276 2890 ἑάλω
1301 2854 1455 2905 γραφῆς.

719 2922 780 2964 11,
804 2920 850 2957 5‘1
877 2920 1024 2964 οὔκουν,
1055 2922 1172 2964 εἶπεν,
1205 2919 1286 2957 οὐδὲ
1317 2921 1414 2957 τοῦτο
1443 2921 1572 2966 ἀληθὲς
1596 2923 1779 2968 λέγουσιν·
1818 2923 1894 2963 πῶς
1919 2920 1992 2971 γὰρ
2018 2924 2059 2958 ἐν
2088 2922 2222 2971 ὀλίγῳ
2254 2921 2362 2959 οὕτω
2391 2919 2541 2971 χρόνῳ
2572 2919 2674 2962 πόλις

497 2988 632 3024 ἁλοῦσα
656 2989 719 3023 καὶ
744 2990 974 3035 ἐρημωθεῖσα
1000 2986 1170 3030 τοσαύτην
1195 2988 1356 3022 ἐπίδοσιν
1373 2990 1474 3035 ἔσχεν
1491 2987 1539 3028 ὡς
1553 2990 1727 3036 μεγίστην
1743 2990 1916 3035 γενέσθαι
1933 2989 2003 3023 τῶν
2018 2986 2109 3023 κατὰ
2126 2986 2188 3033 τὴν
2199 2988 2328 3025 Ἀσίαν.
2367 2988 2413 3025 In
2430 2986 2539 3024 libri!
2556 2991 2618 3024 ent
2634 2989 2674 3024 ἐν

498 3056 610 3102 ὀλίγῳ
631 3051 757 3103 χρόνῳ
783 3052 872 3090 οὕτω
898 3054 960 3090 vel
985 3053 1110 3097 obitum,-
1136 3053 1203 3090 sed
1230 3053 1348 3097 οὕτως,
1367 3055 1465 3099 quod
1491 3054 1576 3090 olim
1597 3065 1678 3091 cum
1699 3053 1878 3100 proximis
1896 3054 2190 3101 coniungebant,
2215 3055 2305 3092 οὕτω
2322 3053 2424 3097 πόλις
2440 3055 2571 3092 ἁλοῦσα
2587 3057 2673 3099 ml„

499 3119 833 3166 Wilamowitzius,
853 3120 913 3156 cui
933 3119 1126 3156 Arnimius
1145 3120 1319 3164 accessit,
1339 3121 1536 3158 delendum
1556 3121 1716 3167 censuit,
1736 3121 1945 3167 praestabit
1962 3122 2130 3159 fortasse
2149 3126 2400 3169 transponere
2420 3122 2465 3159 ob
2483 3130 2564 3159 eam
2585 3132 2673 3159 cau-

499 3198 590 3231 sam,
618 3186 707 3232 quia
733 3186 824 3223 nihil
851 3186 1034 3223 usitatius
1061 3192 1123 3223 est
1150 3186 1261 3223 Dioni
1288 3198 1333 3224 ea
1362 3198 1450 3224 voce
1477 3187 1708 3234 postposita,
1741 3187 1803 3233 qni
1831 3188 1928 3224 talia
1954 3187 2089 3224 scribit
2115 3187 2237 3235 βαθὺν
2261 3187 2369 3231 οὕτως
2394 3187 2519 3233 ὕπνον,
2544 3191 2674 3226 τέλειον

497 3254 588 3291 οὕτω
614 3252 743 3302 λόγον,
769 3252 877 3301 ἐγγὺς
902 3253 1013 3295 οὕτως
1038 3252 1153 3300 ὑμῶν,
1175 3252 1335 3301 χαλεπὸν
1359 3254 1468 3296 οὕτως
1491 3256 1554 3291 καὶ
1577 3259 1699 3301 βίαιον
1724 3257 1888 3305 κέντρον,
1920 3260 2100 3292 sexcenta
2126 3254 2220 3299 alin
2252 3259 2291 3292 et
2314 3254 2466 3302 peccari
2490 3264 2671 3292 nonnum·

498 3331 608 3366 quam
626 3320 853 3357 invertendo
880 3319 1011 3357 ordine
1036 3319 1075 3356 in
1103 3318 1212 3356 libris
1237 3319 1394 3356 Dioneis
1421 3331 1503 3357 cnm
1531 3319 1609 3358 alia
1636 3320 1902 3358 demonstrant
1926 3324 2005 3358 tum
2033 3321 2131 3367 quod
2157 3321 2215 3366 32,
2233 3322 2281 3360 78
2305 3320 2459 3359 variant
2482 3320 2580 3367 libri,
2604 3324 2674 3358 aut

498 3384 605 3427 τόπος
630 3386 719 3423 οὕτω
745 3384 966 3435 καλούμενος
991 3390 1059 3422 aut
1085 3388 1189 3427 τόπος
1213 3385 1434 3436 καλούμενος
1459 3386 1567 3428 οὕτως
1593 3386 1828 3423 exhibentes.
